2350 3834
49 226 52 239 ¹
194 240 200 253 ι
231 203 675 281 nuranonrnosnon
695 226 779 278 aas.
801 227 900 295 xm„
941 288 943 291 ,
980 188 983 209 '

88 371 199 441 Iupiter
212 379 349 424 annuerat
357 388 449 436 ;.cum
464 368 619 424 Memnonis
631 369 804 425 arduus'alta

89 440 204 494 Corruit
214 440 280 512 igne
291 457 384 512 rogus,
401 441 531 512 nigrique
543 439 687 493 volumina
699 441 772 494 fumi

88 511 220 564 infecere
234 510 318 564 diem.
343 509 435 562 Veluti
451 528 517 563 cum
532 510 652 561 flumina
662 519 742 562 natas
840 554 841 557 ,

88 579 228 641 Exhalant
237 579 362 646 nebulas,
380 596 433 631 nec
448 580 496 632 Sol
507 579 665 632 admittitur
679 580 772 646 infra;

88 649 267 715 Atreiavilla
276 648 367 716 uolat,
386 649 600 719 glomerataque
612 666 714 718 corpus
727 649 858 703 inunum

88 721 238 784 Densatur,
256 718 416 788 faciemque
428 718 514 787 capit,
532 718 674 786 sumitque
688 718 814 771 calorem

88 792 182 858 Atque
193 788 316 839 animem
331 802 364 839 ex
377 787 451 907 ipni,
470 787 568 839 levitas
580 803 631 838 sua
642 788 772 856 praebuit
784 787 852 841 alas.

88 859 123 910 Et
135 858 227 926 primo
242 856 338 908 similis
351 874 386 908 vo
399 857 470 923 ucri,
486 872 632 908 monuere
642 856 767 909 volucris

74 928 216 980 vInsonuit
229 925 344 994 pennis:
360 926 468 994 pariter
477 941 596 977 sonuere
613 942 724 977 sorores
758 926 761 931 ’

90 1000 267 1060 Innumerae,
287 995 385 1064 quibus
399 995 552 1048 estendam
564 995 664 1047 natalis
678 995 768 1066 origo.

90 1067 202 1135 Terque
216 1081 318 1135 rogum
330 1064 461 1131 lustrant,
479 1073 508 1117 et
521 1080 659 1116 consonus
672 1065 727 1115 exit
741 1063 771 1115 in
785 1080 867 1119 aurae

89 1137 148 1187 Ter
161 1134 294 1203 clangor:
313 1141 413 1202 quarto
427 1131 564 1185 reducunt
576 1136 669 1185 castra
680 1133 786 1187 volatu.

89 1206 165 1256 Tum
179 1203 234 1257 duo
250 1202 357 1254 diversa
369 1203 468 1272 populi
481 1203 515 1255 de
530 1211 610 1272 parte
623 1203 734 1255 feroces

90 1272 168 1326 Bella
180 1280 291 1343 gerunt,
307 1273 470 1343 rostrisque,
490 1280 519 1324 et
532 1272 701 1324 aduncisun
744 1272 803 1325 'bus
813 1271 871 1325 ires

90 1346 239 1407 Exercent,
257 1341 314 1394 alas
355 1359 379 1407 e,
398 1342 569 1412 adversaque
579 1351 701 1410 'pectora
725 1350 828 1410 assant,

25 1462 27 1469 ,
89 1411 270 1480 inferiaeque
286 1359 389 1465 cadimt
400 1412 489 1463 cineri
502 1421 623 1482 cognata
635 1411 744 1481 sepulto
892 1433 893 1437 ¹
999 1408 1050 1464 615

92 1483 227 1550 Corpora,
247 1494 331 1550 seque
344 1480 405 1534 viro
418 1481 488 1534 forti
499 1481 655 1537 meminere
671 1488 789 1534 creatas.

90 1550 271 1619 Praepetibus
284 1549 381 1602 subitis
397 1566 500 1604 nomen
515 1551 588 1604 facit
601 1559 717 1615 auctar3
736 1550 771 1601 ab
782 1551 833 1604 illo

90 1619 285 1673 Memnonides
299 1619 400 1687 dictae,
419 1638 485 1673 cum
497 1621 545 1672 Sol
556 1619 686 1672 duodena
720 1621 810 1691 eregit

25 1716 26 1719 ¹
91 1689 189 1761 Signa,
205 1688 346 1770 parentali
359 1690 502 1758 periturae
517 1692 606 1741 Marte
618 1690 686 1741 rebe
711 1696 768 1741 ant.

90 1760 167 1829 Ergo
181 1757 242 1810 aliis
255 1758 369 1811 latrasse
381 1759 551 1828 Dymantida
561 1757 656 1810 flebile
669 1757 777 1824 visum;

91 1826 228 1882 Luctibus
245 1837 286 1880 est
298 1826 407 1880 Aurora
422 1829 477 1880 suis
492 1829 610 1894 intenta,
627 1829 743 1897 piasque

37 1908 44 1915 ’
91 1900 176 1951 Nunc
187 1912 301 1967 quoque
315 1897 363 1949 dat
375 1897 515 1964 lacrimas,
533 1906 562 1950 et
571 1906 633 1949 toto
647 1905 726 1949 rorat
736 1895 766 1948 in
780 1896 858 1965 orbe.

126 1969 187 2019 Nec
198 1976 293 2018 tamen
307 1983 433 2019 eversam
447 1968 548 2020 Troiae
563 1983 629 2019 cum
641 1965 787 2019 moenibus
800 1981 860 2017 esse

80 2033 180 2105 'Spem
191 2052 302 2105 quoqu-e
316 2035 377 2088 fata
390 2037 491 2090 sinunt.
516 2040 610 2102 Sacra,
630 2044 658 2088 et
671 2052 750 2087 sacra
764 2034 863 2103 altera,
880 2039 991 2104 patrem

25 2130 27 2139 v
91 2107 160 2157 Fert
174 2104 298 2159 humeris
311 2105 471 2158 venerabile
486 2121 556 2157 onus
573 2105 841 2174 Cythereiusheros.
881 2132 884 2137 »
999 2102 1053 2160 625

92 2176 134 2227 De
145 2175 230 2230 tantis
244 2174 341 2243 opibus
352 2175 487 2244 praedam
500 2175 561 2243 pius
576 2175 655 2246 eligit
665 2174 753 2242 illam,

92 2244 301 2313 Ascaniumque
315 2260 413 2296 suum:
433 2245 611 2315 profugaque
622 2262 673 2312 per
686 2258 811 2313 aequora
825 2243 912 2296 classe

93 2315 195 2365 Fertur
210 2313 245 2364 ab
261 2314 412 2379 Antandro,
429 2315 621 2383 scelerataque
633 2314 732 2365 limina
745 2313 897 2380 Threcum,

94 2376 129 2434 Et
139 2381 296 2449 Polydoreo
310 2393 471 2435 manantem
484 2384 618 2454 sanguine
631 2392 739 2434 terram
751 2402 753 2405 ·
846 2433 849 2437 .

94 2451 224 2521 Linquit:
244 2460 272 2503 et
285 2452 397 2504 utilibus
414 2452 504 2505 ventis
518 2460 652 2521 aestuque
664 2451 798 2515 secundo,
1000 2450 1054 2507 630

94 2525 187 2573 Intrat
198 2520 382 2589 Apollineam,
400 2522 482 2573 sociis
496 2520 704 2585 comitannbus,
721 2521 832 2576 urbem.

95 2592 178 2642 Hunc
190 2590 284 2653 Anius,
303 2607 358 2660 quo
371 2607 439 2661 rege
449 2591 586 2654 homines,
605 2591 727 2642 antistite
743 2590 870 2643 Phoebus

95 2660 158 2715 Rite
172 2656 345 2724 colebantur,
363 2660 535 2728 temploque,
555 2659 697 2728 domoque
711 2659 834 2728 recepit:
873 2690 877 2695 .

95 2729 259 2797 Urbanique
271 2729 401 2796 ostendit,
420 2728 593 2798 delubraque
607 2736 682 2794 vota,
701 2727 825 2799 duasque

95 2798 205 2850 Latona
220 2796 362 2866 quondam
378 2798 477 2877 stirpes
493 2799 622 2866 periente
636 2806 767 2849 retentas.
1002 2796 1053 2852 635

95 2869 170 2921 Ture
183 2866 248 2917 dato
262 2866 394 2930 flammis,
412 2884 534 2936 vinoque
544 2868 574 2918 in
587 2875 652 2918 tura
663 2867 788 2936 profuso,
854 2900 857 2907 ι

96 2939 305 3004 Caesarumque
318 2937 406 2988 boum
417 2936 498 2988 fibris
513 2936 547 2988 de
562 2953 643 2988 more
657 2936 797 3002 crematis,

95 3006 184 3077 Regin
195 3014 272 3056 tecta
282 3014 390 3073 petunt,
408 3005 546 3075 positique
563 3005 704 3074 tapetibus
717 3005 780 3056 altis

95 3078 215 3127 Munera
232 3090 297 3125 cum
310 3075 417 3156 liquido
431 3076 545 3143 capiunt
559 3074 682 3129 cerealia
691 3074 811 3126 Baccho.

96 3146 169 3196 Tum
182 3145 246 3212 pius
259 3144 403 3196 Anchises:
422 3149 443 3195 Ο
455 3145 560 3197 Phoebi
572 3145 646 3197 lecte
658 3145 797 3208 sacerdos,
1000 3135 1053 3192 640

96 3213 209 3266 Fallor?
228 3210 265 3262 en‘
278 3220 306 3263 et
318 3200 425 3281 naturis,
445 3214 647 3282 cumprimum
659 3215 730 3267 haec
741 3209 853 3264 moenia
865 3206 933 3274 vidi,

97 3283 196 3352 Bisque
210 3276 279 3333 duae
295 3291 382 3348 natus,
402 3293 538 3365 quantum
555 3283 729 3347 reminiscor,
746 3277 887 3332 habebas?

95 3351 170 3406 Huic
181 3351 278 3418 Anius,
295 3350 383 3404 niveis
394 3351 577 3407 circumdata:
583 3362 711 3424 tempora
722 3350 798 3405 vittis
864 3394 868 3423 x
896 3423 899 3427 k
