<?xml version="1.0" encoding="UTF-8"?>
<!DOCTYPE html PUBLIC "-//W3C//DTD XHTML 1.0 Transitional//EN"
    "http://www.w3.org/TR/xhtml1/DTD/xhtml1-transitional.dtd">
<html xmlns="http://www.w3.org/1999/xhtml" xml:lang="en" lang="en">
 <head>
  <title>
</title>
<meta http-equiv="Content-Type" content="text/html;charset=utf-8" />
  <meta name='ocr-system' content='tesseract 3.04.00' />
  <meta name='ocr-capabilities' content='ocr_page ocr_carea ocr_par ocr_line ocrx_word'/>
</head>
<body>
  <div class='ocr_page' id='page_1' title='image "./operaomnia03ovidgoog/operaomnia03ovidgoog_0074.png"; bbox 0 0 2350 3834; ppageno 0'>
   <div class='ocr_carea' id='block_1_1' title="bbox 134 190 816 280">
    <p class='ocr_par' dir='ltr' id='par_1_1' title="bbox 134 190 816 280">
     <span class='ocr_line' id='line_1_1' title="bbox 134 190 816 280; baseline 0.009 -14"><span class='ocrx_word' id='word_1_1' title='bbox 134 214 177 280; x_wconf 79' lang='lat'><strong>66</strong></span> <span class='ocrx_word' id='word_1_2' title='bbox 385 190 435 267; x_wconf 62' lang='lat'><strong>¹1².</strong></span> <span class='ocrx_word' id='word_1_3' title='bbox 460 198 611 270; x_wconf 74' lang='lat' dir='ltr'><strong>ou1n11</strong></span> <span class='ocrx_word' id='word_1_4' title='bbox 630 217 816 272; x_wconf 71' lang='lat' dir='ltr'><strong>ursonis</strong></span> 
     </span>
    </p>
   </div>
   <div class='ocr_carea' id='block_1_2' title="bbox 112 327 1072 3405">
    <p class='ocr_par' dir='ltr' id='par_1_2' title="bbox 194 327 933 511">
     <span class='ocr_line' id='line_1_2' title="bbox 194 327 778 357; baseline 0.01 -6"><span class='ocrx_word' id='word_1_5' title='bbox 194 327 199 351; x_wconf 86' lang='grc' dir='ltr'>Ι</span> <span class='ocrx_word' id='word_1_6' title='bbox 775 348 778 357; x_wconf 84' lang='grc'><em>,</em></span> 
     </span>
     <span class='ocr_line' id='line_1_3' title="bbox 200 359 933 432; baseline 0.005 -18"><span class='ocrx_word' id='word_1_7' title='bbox 200 362 227 414; x_wconf 90' lang='lat' dir='ltr'><strong>Is</strong></span> <span class='ocrx_word' id='word_1_8' title='bbox 240 359 294 414; x_wconf 86' lang='lat' dir='ltr'><strong>tria</strong></span> <span class='ocrx_word' id='word_1_9' title='bbox 306 361 505 429; x_wconf 87' lang='lat' dir='ltr'><strong>cumprimum</strong></span> <span class='ocrx_word' id='word_1_10' title='bbox 520 361 591 413; x_wconf 84' lang='lat' dir='ltr'><strong>fecit</strong></span> <span class='ocrx_word' id='word_1_11' title='bbox 639 362 806 432; x_wconf 83' lang='lat' dir='ltr'><strong>inquennia3</strong></span> <span class='ocrx_word' id='word_1_12' title='bbox 823 373 933 418; x_wconf 78' lang='lat' dir='ltr'><strong>montes</strong></span> 
     </span>
     <span class='ocr_line' id='line_1_4' title="bbox 200 431 803 511; baseline 0.003 -28"><span class='ocrx_word' id='word_1_13' title='bbox 200 432 330 483; x_wconf 88' lang='lat' dir='ltr'><strong>Deseruit</strong></span> <span class='ocrx_word' id='word_1_14' title='bbox 339 431 455 499; x_wconf 88' lang='lat' dir='ltr'><strong>patrios:</strong></span> <span class='ocrx_word' id='word_1_15' title='bbox 474 431 577 511; x_wconf 85' lang='lat' dir='ltr'><strong>Idaque</strong></span> <span class='ocrx_word' id='word_1_16' title='bbox 619 432 690 484; x_wconf 83' lang='lat' dir='ltr'><strong>trice</strong></span> <span class='ocrx_word' id='word_1_17' title='bbox 704 431 803 485; x_wconf 88' lang='lat' dir='ltr'><strong>relicta</strong></span> 
     </span>
    </p>

    <p class='ocr_par' dir='ltr' id='par_1_3' title="bbox 112 500 731 570">
     <span class='ocr_line' id='line_1_5' title="bbox 112 500 731 570; baseline 0.003 -20"><span class='ocrx_word' id='word_1_18' title='bbox 112 562 114 568; x_wconf 31' lang='grc' dir='ltr'>Ι</span> <span class='ocrx_word' id='word_1_19' title='bbox 201 504 214 551; x_wconf 91' lang='grc' dir='ltr'>Ι</span> <span class='ocrx_word' id='word_1_20' title='bbox 254 500 306 551; x_wconf 90' lang='lat' dir='ltr'><strong>otis&#39;</strong></span> <span class='ocrx_word' id='word_1_21' title='bbox 319 500 510 568; x_wconf 69' lang='lat' dir='ltr'><strong>erraremus,</strong></span> <span class='ocrx_word' id='word_1_22' title='bbox 527 510 625 570; x_wconf 80' lang='lat' dir='ltr'><strong>ignota</strong></span> <span class='ocrx_word' id='word_1_23' title='bbox 635 501 731 553; x_wconf 86' lang='lat' dir='ltr'><strong>videre</strong></span> 
     </span>
    </p>

    <p class='ocr_par' dir='ltr' id='par_1_4' title="bbox 132 568 914 639">
     <span class='ocr_line' id='line_1_6' title="bbox 132 568 914 639; baseline 0.009 -20"><span class='ocrx_word' id='word_1_24' title='bbox 132 571 184 626; x_wconf 71' lang='lat'><strong>295</strong></span> <span class='ocrx_word' id='word_1_25' title='bbox 200 572 221 620; x_wconf 85' lang='lat' dir='ltr'>F</span> <span class='ocrx_word' id='word_1_26' title='bbox 234 568 329 623; x_wconf 71' lang='lat' dir='ltr'><strong>iimina</strong></span> <span class='ocrx_word' id='word_1_27' title='bbox 340 569 493 639; x_wconf 79' lang='lat' dir='ltr'>gaudebat,</span> <span class='ocrx_word' id='word_1_28' title='bbox 512 571 604 623; x_wconf 88' lang='lat' dir='ltr'><strong>studio</strong></span> <span class='ocrx_word' id='word_1_29' title='bbox 620 571 764 623; x_wconf 89' lang='lat' dir='ltr'><strong>minuente</strong></span> <span class='ocrx_word' id='word_1_30' title='bbox 776 571 914 626; x_wconf 85' lang='lat' dir='ltr'><strong>laborem.</strong></span> 
     </span>
    </p>

    <p class='ocr_par' dir='ltr' id='par_1_5' title="bbox 199 637 966 778">
     <span class='ocr_line' id='line_1_7' title="bbox 199 637 927 760; baseline 0.007 -71"><span class='ocrx_word' id='word_1_31' title='bbox 199 638 251 690; x_wconf 88' lang='lat' dir='ltr'><strong>Ille</strong></span> <span class='ocrx_word' id='word_1_32' title='bbox 265 637 349 689; x_wconf 84' lang='lat' dir='ltr'><strong>etiam</strong></span> <span class='ocrx_word' id='word_1_33' title='bbox 362 639 460 707; x_wconf 82' lang='lat' dir='ltr'><strong>Lycias</strong></span> <span class='ocrx_word' id='word_1_34' title='bbox 472 639 569 702; x_wconf 86' lang='lat' dir='ltr'><strong>urbes,</strong></span> <span class='ocrx_word' id='word_1_35' title='bbox 586 639 743 760; x_wconf 79' lang='lat' dir='ltr'><strong>Lyciaeque</strong></span> <span class='ocrx_word' id='word_1_36' title='bbox 755 641 927 711; x_wconf 87' lang='lat' dir='ltr'><strong>propinquos</strong></span> 
     </span>
     <span class='ocr_line' id='line_1_8' title="bbox 201 707 966 778; baseline 0.008 -21"><span class='ocrx_word' id='word_1_37' title='bbox 201 709 283 758; x_wconf 84' lang='lat' dir='ltr'><strong>Caras</strong></span> <span class='ocrx_word' id='word_1_38' title='bbox 297 707 363 760; x_wconf 87' lang='lat' dir='ltr'><strong>adit.</strong></span> <span class='ocrx_word' id='word_1_39' title='bbox 398 707 480 759; x_wconf 88' lang='lat' dir='ltr'><strong>Videt</strong></span> <span class='ocrx_word' id='word_1_40' title='bbox 492 709 538 760; x_wconf 89' lang='lat' dir='ltr'><strong>hic</strong></span> <span class='ocrx_word' id='word_1_41' title='bbox 551 718 683 778; x_wconf 78' lang='lat' dir='ltr'><strong>stagnum</strong></span> <span class='ocrx_word' id='word_1_42' title='bbox 709 710 814 761; x_wconf 78' lang='lat' dir='ltr'>neentis</span> <span class='ocrx_word' id='word_1_43' title='bbox 827 711 864 762; x_wconf 91' lang='lat' dir='ltr'><strong>ad</strong></span> <span class='ocrx_word' id='word_1_44' title='bbox 876 711 966 764; x_wconf 89' lang='lat' dir='ltr'><strong>imum</strong></span> 
     </span>
    </p>

    <p class='ocr_par' dir='ltr' id='par_1_6' title="bbox 164 775 977 916">
     <span class='ocr_line' id='line_1_9' title="bbox 164 775 977 850; baseline 0.01 -24"><span class='ocrx_word' id='word_1_45' title='bbox 164 830 167 836; x_wconf 65' lang='grc'><em>,</em></span> <span class='ocrx_word' id='word_1_46' title='bbox 200 779 294 846; x_wconf 82' lang='lat' dir='ltr'><strong>Usque</strong></span> <span class='ocrx_word' id='word_1_47' title='bbox 306 775 399 827; x_wconf 89' lang='lat' dir='ltr'><strong>solum</strong></span> <span class='ocrx_word' id='word_1_48' title='bbox 410 777 551 846; x_wconf 81' lang='lat' dir='ltr'><strong>lymphae.</strong></span> <span class='ocrx_word' id='word_1_49' title='bbox 585 781 649 830; x_wconf 91' lang='lat' dir='ltr'><strong>Non</strong></span> <span class='ocrx_word' id='word_1_50' title='bbox 660 778 719 830; x_wconf 89' lang='lat' dir='ltr'><strong>illic</strong></span> <span class='ocrx_word' id='word_1_51' title='bbox 735 795 824 831; x_wconf 88' lang='lat' dir='ltr'><strong>canna</strong></span> <span class='ocrx_word' id='word_1_52' title='bbox 837 780 977 850; x_wconf 81' lang='lat' dir='ltr'><strong>palustris,</strong></span> 
     </span>
     <span class='ocr_line' id='line_1_10' title="bbox 200 844 886 916; baseline 0.007 -21"><span class='ocrx_word' id='word_1_53' title='bbox 200 847 260 897; x_wconf 86' lang='lat' dir='ltr'><strong>Nec</strong></span> <span class='ocrx_word' id='word_1_54' title='bbox 271 844 378 897; x_wconf 86' lang='lat' dir='ltr'><strong>steriles</strong></span> <span class='ocrx_word' id='word_1_55' title='bbox 391 846 487 913; x_wconf 82' lang='lat' dir='ltr'>ulvae,</span> <span class='ocrx_word' id='word_1_56' title='bbox 506 864 560 898; x_wconf 86' lang='lat' dir='ltr'><strong>nec</strong></span> <span class='ocrx_word' id='word_1_57' title='bbox 571 857 654 899; x_wconf 76' lang='lat' dir='ltr'><strong>acuta</strong></span> <span class='ocrx_word' id='word_1_58' title='bbox 666 847 779 916; x_wconf 86' lang='lat' dir='ltr'><strong>cuspide</strong></span> <span class='ocrx_word' id='word_1_59' title='bbox 796 849 886 913; x_wconf 77' lang='lat' dir='ltr'><strong>iimci3</strong></span> 
     </span>
    </p>

    <p class='ocr_par' dir='ltr' id='par_1_7' title="bbox 132 913 1071 1193">
     <span class='ocr_line' id='line_1_11' title="bbox 132 913 958 989; baseline 0.002 -21"><span class='ocrx_word' id='word_1_60' title='bbox 132 913 185 968; x_wconf 78' lang='grc'><strong>300</strong></span> <span class='ocrx_word' id='word_1_61' title='bbox 200 914 362 983; x_wconf 88' lang='lat' dir='ltr'><strong>Perspicuus</strong></span> <span class='ocrx_word' id='word_1_62' title='bbox 372 915 467 989; x_wconf 88' lang='lat' dir='ltr'><strong>liquor</strong></span> <span class='ocrx_word' id='word_1_63' title='bbox 477 925 527 970; x_wconf 89' lang='lat' dir='ltr'><strong>est.</strong></span> <span class='ocrx_word' id='word_1_64' title='bbox 562 916 658 987; x_wconf 78' lang='lat' dir='ltr'>stagni</span> <span class='ocrx_word' id='word_1_65' title='bbox 673 926 770 968; x_wconf 85' lang='lat' dir='ltr'><strong>tamen</strong></span> <span class='ocrx_word' id='word_1_66' title='bbox 782 917 881 969; x_wconf 88' lang='lat' dir='ltr'><strong>ultima</strong></span> <span class='ocrx_word' id='word_1_67' title='bbox 894 918 958 970; x_wconf 83' lang='lat' dir='ltr'><strong>vivo</strong></span> 
     </span>
     <span class='ocr_line' id='line_1_12' title="bbox 202 983 1071 1055; baseline 0.007 -21"><span class='ocrx_word' id='word_1_68' title='bbox 202 984 308 1051; x_wconf 87' lang='lat' dir='ltr'><strong>Cespite</strong></span> <span class='ocrx_word' id='word_1_69' title='bbox 321 983 366 1035; x_wconf 88' lang='lat' dir='ltr'><strong>cin</strong></span> <span class='ocrx_word' id='word_1_70' title='bbox 425 995 487 1051; x_wconf 86' lang='lat' dir='ltr'><strong>tur,</strong></span> <span class='ocrx_word' id='word_1_71' title='bbox 505 1002 670 1055; x_wconf 77' lang='lat' dir='ltr'><strong>semperque</strong></span> <span class='ocrx_word' id='word_1_72' title='bbox 681 985 835 1038; x_wconf 81' lang='lat' dir='ltr'><strong>virentibus</strong></span> <span class='ocrx_word' id='word_1_73' title='bbox 847 987 949 1041; x_wconf 78' lang='lat' dir='ltr'><strong>herbis.</strong></span> <span class='ocrx_word' id='word_1_74' title='bbox 1002 998 1011 1029; x_wconf 67' lang='lat' dir='ltr'><strong>t</strong></span> <span class='ocrx_word' id='word_1_75' title='bbox 1068 986 1071 993; x_wconf 83' lang='lat'>&#39;</span> 
     </span>
     <span class='ocr_line' id='line_1_13' title="bbox 200 1053 974 1123; baseline 0.005 -19"><span class='ocrx_word' id='word_1_76' title='bbox 200 1053 330 1122; x_wconf 83' lang='lat' dir='ltr'><strong>Nympha</strong></span> <span class='ocrx_word' id='word_1_77' title='bbox 342 1070 376 1104; x_wconf 91' lang='lat' dir='ltr'><strong>co</strong></span> <span class='ocrx_word' id='word_1_78' title='bbox 388 1055 426 1107; x_wconf 82' lang='lat' dir='ltr'><strong>it:</strong></span> <span class='ocrx_word' id='word_1_79' title='bbox 444 1055 493 1107; x_wconf 85' lang='lat' dir='ltr'><strong>sed</strong></span> <span class='ocrx_word' id='word_1_80' title='bbox 505 1072 559 1107; x_wconf 87' lang='lat' dir='ltr'><strong>nec</strong></span> <span class='ocrx_word' id='word_1_81' title='bbox 570 1055 715 1107; x_wconf 80' lang='lat' dir='ltr'><strong>senatibus</strong></span> <span class='ocrx_word' id='word_1_82' title='bbox 728 1064 808 1123; x_wconf 85' lang='lat' dir='ltr'><strong>apta,</strong></span> <span class='ocrx_word' id='word_1_83' title='bbox 826 1073 879 1108; x_wconf 88' lang='lat' dir='ltr'><strong>nee</strong></span> <span class='ocrx_word' id='word_1_84' title='bbox 891 1072 974 1108; x_wconf 78' lang='lat' dir='ltr'><strong>arcus</strong></span> 
     </span>
     <span class='ocr_line' id='line_1_14' title="bbox 200 1121 983 1193; baseline 0.006 -20"><span class='ocrx_word' id='word_1_85' title='bbox 200 1121 328 1174; x_wconf 79' lang='lat' dir='ltr'>Flectere</span> <span class='ocrx_word' id='word_1_86' title='bbox 341 1140 413 1190; x_wconf 85' lang='lat' dir='ltr'><strong>quae</strong></span> <span class='ocrx_word' id='word_1_87' title='bbox 425 1123 529 1190; x_wconf 81' lang='lat' dir='ltr'><strong>soleat,</strong></span> <span class='ocrx_word' id='word_1_88' title='bbox 547 1141 602 1176; x_wconf 87' lang='lat' dir='ltr'><strong>nec</strong></span> <span class='ocrx_word' id='word_1_89' title='bbox 617 1141 689 1193; x_wconf 89' lang='lat' dir='ltr'><strong>quae</strong></span> <span class='ocrx_word' id='word_1_90' title='bbox 702 1124 873 1179; x_wconf 78' lang='lat' dir='ltr'><strong>contendere</strong></span> <span class='ocrx_word' id='word_1_91' title='bbox 885 1140 983 1179; x_wconf 84' lang='lat' dir='ltr'><strong>cursu:</strong></span> 
     </span>
    </p>

    <p class='ocr_par' dir='ltr' id='par_1_8' title="bbox 112 1192 844 1261">
     <span class='ocr_line' id='line_1_15' title="bbox 112 1192 844 1261; baseline 0.01 -19"><span class='ocrx_word' id='word_1_92' title='bbox 112 1213 116 1220; x_wconf 90' lang='lat'><em>·</em></span> <span class='ocrx_word' id='word_1_93' title='bbox 201 1192 320 1261; x_wconf 84' lang='lat' dir='ltr'><strong>Solaque</strong></span> <span class='ocrx_word' id='word_1_94' title='bbox 332 1192 471 1244; x_wconf 86' lang='lat' dir='ltr'><strong>Naiadum</strong></span> <span class='ocrx_word' id='word_1_95' title='bbox 485 1194 570 1247; x_wconf 86' lang='lat' dir='ltr'><strong>celeri</strong></span> <span class='ocrx_word' id='word_1_96' title='bbox 580 1211 638 1244; x_wconf 90' lang='lat' dir='ltr'><strong>non</strong></span> <span class='ocrx_word' id='word_1_97' title='bbox 653 1201 721 1246; x_wconf 83' lang='lat' dir='ltr'><strong>note</strong></span> <span class='ocrx_word' id='word_1_98' title='bbox 733 1194 844 1249; x_wconf 77' lang='lat' dir='ltr'><strong>Dianae.</strong></span> 
     </span>
    </p>

    <p class='ocr_par' dir='ltr' id='par_1_9' title="bbox 131 1261 809 1329">
     <span class='ocr_line' id='line_1_16' title="bbox 131 1261 809 1329; baseline 0 -14"><span class='ocrx_word' id='word_1_99' title='bbox 131 1261 184 1316; x_wconf 80' lang='lat'><strong>305</strong></span> <span class='ocrx_word' id='word_1_100' title='bbox 200 1264 286 1329; x_wconf 79' lang='lat' dir='ltr'><strong>Saepe</strong></span> <span class='ocrx_word' id='word_1_101' title='bbox 296 1276 358 1312; x_wconf 88' lang='lat' dir='ltr'><strong>suas</strong></span> <span class='ocrx_word' id='word_1_102' title='bbox 370 1261 413 1312; x_wconf 91' lang='lat' dir='ltr'><strong>illi</strong></span> <span class='ocrx_word' id='word_1_103' title='bbox 426 1262 503 1313; x_wconf 84' lang='lat' dir='ltr'><strong>fama</strong></span> <span class='ocrx_word' id='word_1_104' title='bbox 516 1271 557 1314; x_wconf 84' lang='lat' dir='ltr'><strong>est</strong></span> <span class='ocrx_word' id='word_1_105' title='bbox 570 1263 668 1314; x_wconf 83' lang='lat' dir='ltr'><strong>dixisse</strong></span> <span class='ocrx_word' id='word_1_106' title='bbox 684 1279 809 1315; x_wconf 86' lang='lat' dir='ltr'><strong>sorores:</strong></span> 
     </span>
    </p>

    <p class='ocr_par' dir='ltr' id='par_1_10' title="bbox 200 1329 972 1479">
     <span class='ocr_line' id='line_1_17' title="bbox 200 1329 972 1401; baseline 0.005 -20"><span class='ocrx_word' id='word_1_107' title='bbox 200 1329 335 1394; x_wconf 72' lang='lat' dir='ltr'><strong>Sslrnmi,</strong></span> <span class='ocrx_word' id='word_1_108' title='bbox 353 1330 398 1382; x_wconf 84' lang='lat' dir='ltr'><strong>vel</strong></span> <span class='ocrx_word' id='word_1_109' title='bbox 410 1330 549 1397; x_wconf 84' lang='lat' dir='ltr'><strong>iaculum,</strong></span> <span class='ocrx_word' id='word_1_110' title='bbox 567 1332 613 1383; x_wconf 79' lang='lat' dir='ltr'><strong>vel</strong></span> <span class='ocrx_word' id='word_1_111' title='bbox 628 1333 715 1399; x_wconf 87' lang='lat' dir='ltr'><strong>pictas</strong></span> <span class='ocrx_word' id='word_1_112' title='bbox 727 1349 806 1384; x_wconf 89' lang='lat' dir='ltr'><strong>sume</strong></span> <span class='ocrx_word' id='word_1_113' title='bbox 817 1332 972 1401; x_wconf 77' lang='lat' dir='ltr'><strong>pharetras,</strong></span> 
     </span>
     <span class='ocr_line' id='line_1_18' title="bbox 201 1399 799 1479; baseline 0.008 -30"><span class='ocrx_word' id='word_1_114' title='bbox 201 1401 235 1449; x_wconf 84' lang='lat' dir='ltr'><strong>Et</strong></span> <span class='ocrx_word' id='word_1_115' title='bbox 246 1407 294 1479; x_wconf 77' lang='lat' dir='ltr'><strong>tqa</strong></span> <span class='ocrx_word' id='word_1_116' title='bbox 308 1415 374 1451; x_wconf 90' lang='lat' dir='ltr'><strong>curn</strong></span> <span class='ocrx_word' id='word_1_117' title='bbox 386 1399 619 1463; x_wconf 75' lang='lat' dir='ltr'><strong>durisuenntibus</strong></span> <span class='ocrx_word' id='word_1_118' title='bbox 631 1402 690 1453; x_wconf 85' lang='lat' dir='ltr'><strong>otia</strong></span> <span class='ocrx_word' id='word_1_119' title='bbox 704 1401 799 1455; x_wconf 86' lang='lat' dir='ltr'><strong>misce.</strong></span> 
     </span>
    </p>

    <p class='ocr_par' dir='ltr' id='par_1_11' title="bbox 198 1467 913 1593">
     <span class='ocr_line' id='line_1_19' title="bbox 198 1467 913 1539; baseline 0.007 -19"><span class='ocrx_word' id='word_1_120' title='bbox 198 1469 258 1520; x_wconf 88' lang='lat' dir='ltr'><strong>Nec</strong></span> <span class='ocrx_word' id='word_1_121' title='bbox 269 1467 393 1520; x_wconf 78' lang='lat' dir='ltr'><strong>iaculum</strong></span> <span class='ocrx_word' id='word_1_122' title='bbox 406 1469 505 1535; x_wconf 87' lang='lat' dir='ltr'><strong>sumit,</strong></span> <span class='ocrx_word' id='word_1_123' title='bbox 524 1487 576 1521; x_wconf 90' lang='lat' dir='ltr'><strong>nec</strong></span> <span class='ocrx_word' id='word_1_124' title='bbox 590 1471 679 1538; x_wconf 87' lang='lat' dir='ltr'><strong>pictas</strong></span> <span class='ocrx_word' id='word_1_125' title='bbox 694 1470 745 1522; x_wconf 82' lang='lat' dir='ltr'><strong>illa</strong></span> <span class='ocrx_word' id='word_1_126' title='bbox 758 1471 913 1539; x_wconf 82' lang='lat' dir='ltr'><strong>pharetras,</strong></span> 
     </span>
     <span class='ocr_line' id='line_1_20' title="bbox 199 1538 836 1593; baseline 0.011 -6"><span class='ocrx_word' id='word_1_127' title='bbox 199 1539 258 1589; x_wconf 90' lang='lat' dir='ltr'><strong>Nec</strong></span> <span class='ocrx_word' id='word_1_128' title='bbox 268 1554 318 1589; x_wconf 86' lang='lat' dir='ltr'><strong>sua</strong></span> <span class='ocrx_word' id='word_1_129' title='bbox 333 1554 399 1589; x_wconf 89' lang='lat' dir='ltr'><strong>curn</strong></span> <span class='ocrx_word' id='word_1_130' title='bbox 411 1538 487 1590; x_wconf 86' lang='lat' dir='ltr'><strong>duris</strong></span> <span class='ocrx_word' id='word_1_131' title='bbox 499 1539 644 1590; x_wconf 81' lang='lat' dir='ltr'><strong>venatibus</strong></span> <span class='ocrx_word' id='word_1_132' title='bbox 657 1539 714 1591; x_wconf 89' lang='lat' dir='ltr'><strong>otia</strong></span> <span class='ocrx_word' id='word_1_133' title='bbox 728 1541 836 1593; x_wconf 86' lang='lat' dir='ltr'><strong>miscet.</strong></span> 
     </span>
    </p>

    <p class='ocr_par' dir='ltr' id='par_1_12' title="bbox 130 1606 878 1677">
     <span class='ocr_line' id='line_1_21' title="bbox 130 1606 878 1677; baseline 0.001 -17"><span class='ocrx_word' id='word_1_134' title='bbox 130 1606 184 1662; x_wconf 78' lang='lat'><strong>310</strong></span> <span class='ocrx_word' id='word_1_135' title='bbox 198 1606 253 1657; x_wconf 79' lang='lat' dir='ltr'><strong>Sed</strong></span> <span class='ocrx_word' id='word_1_136' title='bbox 267 1606 351 1659; x_wconf 88' lang='lat' dir='ltr'><strong>modo</strong></span> <span class='ocrx_word' id='word_1_137' title='bbox 365 1606 444 1659; x_wconf 85' lang='lat' dir='ltr'><strong>fonte</strong></span> <span class='ocrx_word' id='word_1_138' title='bbox 456 1625 506 1660; x_wconf 90' lang='lat' dir='ltr'><strong>suo</strong></span> <span class='ocrx_word' id='word_1_139' title='bbox 520 1608 660 1660; x_wconf 84' lang='lat' dir='ltr'><strong>formosos</strong></span> <span class='ocrx_word' id='word_1_140' title='bbox 672 1609 776 1677; x_wconf 85' lang='lat' dir='ltr'><strong>perluit</strong></span> <span class='ocrx_word' id='word_1_141' title='bbox 786 1618 878 1661; x_wconf 75' lang='lat' dir='ltr'><strong>artuss</strong></span> 
     </span>
    </p>

    <p class='ocr_par' dir='ltr' id='par_1_13' title="bbox 165 1676 956 1951">
     <span class='ocr_line' id='line_1_22' title="bbox 200 1676 812 1746; baseline 0.005 -20"><span class='ocrx_word' id='word_1_142' title='bbox 200 1679 287 1744; x_wconf 85' lang='lat' dir='ltr'><strong>Saepe</strong></span> <span class='ocrx_word' id='word_1_143' title='bbox 300 1676 446 1744; x_wconf 76' lang='lat' dir='ltr'>Cytoriaco</span> <span class='ocrx_word' id='word_1_144' title='bbox 461 1677 574 1729; x_wconf 81' lang='lat' dir='ltr'><strong>deducit</strong></span> <span class='ocrx_word' id='word_1_145' title='bbox 584 1679 698 1746; x_wconf 80' lang='lat' dir='ltr'><strong>pectine</strong></span> <span class='ocrx_word' id='word_1_146' title='bbox 710 1679 812 1742; x_wconf 84' lang='lat' dir='ltr'><strong>crines,</strong></span> 
     </span>
     <span class='ocr_line' id='line_1_23' title="bbox 200 1744 888 1819; baseline 0.006 -24"><span class='ocrx_word' id='word_1_147' title='bbox 200 1746 236 1795; x_wconf 85' lang='lat' dir='ltr'><strong>Et</strong></span> <span class='ocrx_word' id='word_1_148' title='bbox 249 1744 316 1819; x_wconf 85' lang='lat' dir='ltr'><strong>quid</strong></span> <span class='ocrx_word' id='word_1_149' title='bbox 328 1761 357 1796; x_wconf 91' lang='lat' dir='ltr'><strong>se</strong></span> <span class='ocrx_word' id='word_1_150' title='bbox 370 1745 484 1812; x_wconf 84' lang='lat' dir='ltr'><strong>deceat,</strong></span> <span class='ocrx_word' id='word_1_151' title='bbox 503 1756 641 1815; x_wconf 81' lang='lat' dir='ltr'><strong>spectatas</strong></span> <span class='ocrx_word' id='word_1_152' title='bbox 655 1746 776 1799; x_wconf 86' lang='lat' dir='ltr'><strong>consulit</strong></span> <span class='ocrx_word' id='word_1_153' title='bbox 789 1745 888 1800; x_wconf 83' lang='lat' dir='ltr'><strong>undas.</strong></span> 
     </span>
     <span class='ocr_line' id='line_1_24' title="bbox 165 1813 875 1884; baseline 0.003 -19"><span class='ocrx_word' id='word_1_154' title='bbox 165 1857 168 1865; x_wconf 79' lang='grc'>,</span> <span class='ocrx_word' id='word_1_155' title='bbox 198 1815 279 1865; x_wconf 89' lang='lat' dir='ltr'><strong>Nunc</strong></span> <span class='ocrx_word' id='word_1_156' title='bbox 291 1813 447 1882; x_wconf 82' lang='lat' dir='ltr'><strong>perlucenti</strong></span> <span class='ocrx_word' id='word_1_157' title='bbox 460 1816 633 1868; x_wconf 83' lang='lat' dir='ltr'><strong>circumdata</strong></span> <span class='ocrx_word' id='word_1_158' title='bbox 645 1833 746 1884; x_wconf 80' lang='lat' dir='ltr'><strong>corpus</strong></span> <span class='ocrx_word' id='word_1_159' title='bbox 761 1817 875 1879; x_wconf 83' lang='lat' dir='ltr'><strong>amictu,</strong></span> 
     </span>
     <span class='ocr_line' id='line_1_25' title="bbox 175 1882 956 1951; baseline 0.004 -18"><span class='ocrx_word' id='word_1_160' title='bbox 175 1892 177 1905; x_wconf 85' lang='lat'>&#39;</span> <span class='ocrx_word' id='word_1_161' title='bbox 199 1882 330 1935; x_wconf 77' lang='lat' dir='ltr'><strong>Mollibus</strong></span> <span class='ocrx_word' id='word_1_162' title='bbox 345 1892 394 1934; x_wconf 87' lang='lat' dir='ltr'><strong>aut</strong></span> <span class='ocrx_word' id='word_1_163' title='bbox 408 1884 498 1951; x_wconf 81' lang='lat' dir='ltr'><strong>foliis,</strong></span> <span class='ocrx_word' id='word_1_164' title='bbox 515 1892 564 1937; x_wconf 88' lang='lat' dir='ltr'><strong>aut</strong></span> <span class='ocrx_word' id='word_1_165' title='bbox 576 1884 709 1937; x_wconf 86' lang='lat' dir='ltr'><strong>mollibus</strong></span> <span class='ocrx_word' id='word_1_166' title='bbox 723 1886 838 1939; x_wconf 82' lang='lat' dir='ltr'><strong>incubat</strong></span> <span class='ocrx_word' id='word_1_167' title='bbox 853 1882 956 1937; x_wconf 87' lang='lat' dir='ltr'><strong>herbis.</strong></span> 
     </span>
    </p>

    <p class='ocr_par' dir='ltr' id='par_1_14' title="bbox 130 1951 958 2093">
     <span class='ocr_line' id='line_1_26' title="bbox 130 1951 958 2024; baseline 0.001 -20"><span class='ocrx_word' id='word_1_168' title='bbox 130 1951 184 2008; x_wconf 76' lang='lat'><strong>316</strong></span> <span class='ocrx_word' id='word_1_169' title='bbox 201 1955 288 2020; x_wconf 79' lang='lat' dir='ltr'><strong>Saepe</strong></span> <span class='ocrx_word' id='word_1_170' title='bbox 300 1952 369 2023; x_wconf 80' lang='lat' dir='ltr'><strong>legit</strong></span> <span class='ocrx_word' id='word_1_171' title='bbox 379 1953 478 2006; x_wconf 79' lang='lat' dir='ltr'><strong>flores:</strong></span> <span class='ocrx_word' id='word_1_172' title='bbox 498 1964 526 2005; x_wconf 90' lang='lat' dir='ltr'><strong>et</strong></span> <span class='ocrx_word' id='word_1_173' title='bbox 539 1964 608 2006; x_wconf 86' lang='lat' dir='ltr'><strong>tunc</strong></span> <span class='ocrx_word' id='word_1_174' title='bbox 621 1970 734 2023; x_wconf 88' lang='lat' dir='ltr'><strong>quoque</strong></span> <span class='ocrx_word' id='word_1_175' title='bbox 746 1954 823 2006; x_wconf 85' lang='lat' dir='ltr'><strong>forte</strong></span> <span class='ocrx_word' id='word_1_176' title='bbox 834 1954 958 2024; x_wconf 81' lang='lat' dir='ltr'><strong>legebat,</strong></span> 
     </span>
     <span class='ocr_line' id='line_1_27' title="bbox 198 2022 905 2093; baseline 0.004 -21"><span class='ocrx_word' id='word_1_177' title='bbox 198 2022 267 2072; x_wconf 80' lang='lat' dir='ltr'><strong>Cum</strong></span> <span class='ocrx_word' id='word_1_178' title='bbox 280 2038 400 2090; x_wconf 88' lang='lat' dir='ltr'><strong>puerum</strong></span> <span class='ocrx_word' id='word_1_179' title='bbox 410 2024 492 2087; x_wconf 87' lang='lat' dir='ltr'><strong>vidit,</strong></span> <span class='ocrx_word' id='word_1_180' title='bbox 509 2024 655 2093; x_wconf 75' lang='lat' dir='ltr'><strong>vicumque</strong></span> <span class='ocrx_word' id='word_1_181' title='bbox 670 2024 778 2091; x_wconf 81' lang='lat' dir='ltr'><strong>optavit</strong></span> <span class='ocrx_word' id='word_1_182' title='bbox 790 2024 905 2076; x_wconf 83' lang='lat' dir='ltr'><strong>babere.</strong></span> 
     </span>
    </p>

    <p class='ocr_par' dir='ltr' id='par_1_15' title="bbox 181 2090 966 2297">
     <span class='ocr_line' id='line_1_28' title="bbox 181 2090 889 2160; baseline 0.003 -18"><span class='ocrx_word' id='word_1_183' title='bbox 181 2090 257 2142; x_wconf 66' lang='lat' dir='ltr'><strong>‘Nec</strong></span> <span class='ocrx_word' id='word_1_184' title='bbox 268 2099 366 2144; x_wconf 81' lang='lat' dir='ltr'><strong>tamen</strong></span> <span class='ocrx_word' id='word_1_185' title='bbox 377 2101 442 2144; x_wconf 88' lang='lat' dir='ltr'><strong>ante</strong></span> <span class='ocrx_word' id='word_1_186' title='bbox 455 2092 537 2158; x_wconf 89' lang='lat' dir='ltr'><strong>adiit,</strong></span> <span class='ocrx_word' id='word_1_187' title='bbox 556 2094 607 2144; x_wconf 80' lang='lat' dir='ltr'><strong>etsi</strong></span> <span class='ocrx_word' id='word_1_188' title='bbox 618 2093 789 2160; x_wconf 75' lang='lat' dir='ltr'><strong>properabat</strong></span> <span class='ocrx_word' id='word_1_189' title='bbox 802 2092 889 2157; x_wconf 83' lang='lat' dir='ltr'><strong>adire,</strong></span> 
     </span>
     <span class='ocr_line' id='line_1_29' title="bbox 201 2161 966 2230; baseline 0.005 -20"><span class='ocrx_word' id='word_1_190' title='bbox 201 2162 292 2222; x_wconf 89' lang='lat' dir='ltr'><strong>Quam</strong></span> <span class='ocrx_word' id='word_1_191' title='bbox 303 2177 332 2212; x_wconf 89' lang='lat' dir='ltr'><strong>se</strong></span> <span class='ocrx_word' id='word_1_192' title='bbox 347 2162 518 2229; x_wconf 84' lang='lat' dir='ltr'><strong>composuit,</strong></span> <span class='ocrx_word' id='word_1_193' title='bbox 532 2179 617 2230; x_wconf 86' lang='lat' dir='ltr'><strong>quarn</strong></span> <span class='ocrx_word' id='word_1_194' title='bbox 630 2161 828 2230; x_wconf 82' lang='lat' dir='ltr'><strong>circumspexit</strong></span> <span class='ocrx_word' id='word_1_195' title='bbox 837 2161 966 2227; x_wconf 72' lang='lat' dir='ltr'><strong>amicust,</strong></span> 
     </span>
     <span class='ocr_line' id='line_1_30' title="bbox 199 2229 870 2297; baseline 0.009 -18"><span class='ocrx_word' id='word_1_196' title='bbox 199 2231 233 2280; x_wconf 91' lang='lat' dir='ltr'><strong>Et</strong></span> <span class='ocrx_word' id='word_1_197' title='bbox 245 2229 323 2281; x_wconf 84' lang='lat' dir='ltr'><strong>finxit</strong></span> <span class='ocrx_word' id='word_1_198' title='bbox 334 2229 460 2297; x_wconf 86' lang='lat' dir='ltr'><strong>vultum,</strong></span> <span class='ocrx_word' id='word_1_199' title='bbox 480 2234 509 2281; x_wconf 78' lang='lat' dir='ltr'><strong>et</strong></span> <span class='ocrx_word' id='word_1_200' title='bbox 520 2231 625 2282; x_wconf 87' lang='lat' dir='ltr'><strong>meruit</strong></span> <span class='ocrx_word' id='word_1_201' title='bbox 636 2230 762 2282; x_wconf 84' lang='lat' dir='ltr'><strong>formosa</strong></span> <span class='ocrx_word' id='word_1_202' title='bbox 773 2230 870 2286; x_wconf 86' lang='lat' dir='ltr'><strong>videri.</strong></span> 
     </span>
    </p>

    <p class='ocr_par' dir='ltr' id='par_1_16' title="bbox 130 2293 1020 2507">
     <span class='ocr_line' id='line_1_31' title="bbox 130 2293 1017 2369; baseline -0.003 -16"><span class='ocrx_word' id='word_1_203' title='bbox 130 2293 182 2353; x_wconf 72' lang='lat'><strong>320</strong></span> <span class='ocrx_word' id='word_1_204' title='bbox 198 2297 279 2350; x_wconf 81' lang='lat' dir='ltr'><strong>Tunc</strong></span> <span class='ocrx_word' id='word_1_205' title='bbox 291 2298 330 2350; x_wconf 85' lang='lat' dir='ltr'><strong>sic</strong></span> <span class='ocrx_word' id='word_1_206' title='bbox 341 2315 404 2350; x_wconf 86' lang='lat' dir='ltr'><strong>orsa</strong></span> <span class='ocrx_word' id='word_1_207' title='bbox 416 2298 511 2369; x_wconf 82' lang='lat' dir='ltr'><strong>loqui:</strong></span> <span class='ocrx_word' id='word_1_208' title='bbox 529 2301 630 2351; x_wconf 87' lang='lat' dir='ltr'><strong>Puero</strong></span> <span class='ocrx_word' id='word_1_209' title='bbox 643 2299 801 2369; x_wconf 79' lang='lat' dir='ltr'><strong>dignissime</strong></span> <span class='ocrx_word' id='word_1_210' title='bbox 818 2298 896 2351; x_wconf 88' lang='lat' dir='ltr'><strong>credi</strong></span> <span class='ocrx_word' id='word_1_211' title='bbox 1010 2364 1017 2369; x_wconf 77' lang='lat'><em>.</em></span> 
     </span>
     <span class='ocr_line' id='line_1_32' title="bbox 198 2367 1020 2437; baseline 0.002 -19"><span class='ocrx_word' id='word_1_212' title='bbox 198 2369 262 2418; x_wconf 88' lang='lat' dir='ltr'><strong>Esse</strong></span> <span class='ocrx_word' id='word_1_213' title='bbox 277 2367 358 2432; x_wconf 90' lang='lat' dir='ltr'><strong>deus;</strong></span> <span class='ocrx_word' id='word_1_214' title='bbox 377 2384 427 2418; x_wconf 88' lang='lat' dir='ltr'><strong>seu</strong></span> <span class='ocrx_word' id='word_1_215' title='bbox 438 2376 471 2420; x_wconf 87' lang='lat' dir='ltr'><strong>tu</strong></span> <span class='ocrx_word' id='word_1_216' title='bbox 483 2368 550 2420; x_wconf 82' lang='lat' dir='ltr'><strong>deus</strong></span> <span class='ocrx_word' id='word_1_217' title='bbox 562 2385 607 2436; x_wconf 82' lang='lat' dir='ltr'><strong>es,</strong></span> <span class='ocrx_word' id='word_1_218' title='bbox 626 2378 706 2437; x_wconf 88' lang='lat' dir='ltr'><strong>potes</strong></span> <span class='ocrx_word' id='word_1_219' title='bbox 722 2384 780 2420; x_wconf 90' lang='lat' dir='ltr'><strong>esse</strong></span> <span class='ocrx_word' id='word_1_220' title='bbox 793 2368 913 2437; x_wconf 80' lang='lat' dir='ltr'><strong>Cupido:</strong></span> <span class='ocrx_word' id='word_1_221' title='bbox 1017 2368 1020 2371; x_wconf 78' lang='grc'>’</span> 
     </span>
     <span class='ocr_line' id='line_1_33' title="bbox 199 2435 830 2507; baseline 0.005 -20"><span class='ocrx_word' id='word_1_222' title='bbox 199 2435 262 2487; x_wconf 82' lang='lat' dir='ltr'><strong>Sive</strong></span> <span class='ocrx_word' id='word_1_223' title='bbox 275 2451 303 2488; x_wconf 85' lang='lat' dir='ltr'><strong>es</strong></span> <span class='ocrx_word' id='word_1_224' title='bbox 319 2436 462 2501; x_wconf 83' lang='lat' dir='ltr'><strong>mortalis,</strong></span> <span class='ocrx_word' id='word_1_225' title='bbox 499 2437 528 2489; x_wconf 92' lang='lat' dir='ltr'><strong>ui</strong></span> <span class='ocrx_word' id='word_1_226' title='bbox 541 2446 570 2489; x_wconf 88' lang='lat' dir='ltr'><strong>te</strong></span> <span class='ocrx_word' id='word_1_227' title='bbox 583 2453 722 2507; x_wconf 84' lang='lat' dir='ltr'><strong>genuere,</strong></span> <span class='ocrx_word' id='word_1_228' title='bbox 739 2437 830 2490; x_wconf 82' lang='lat' dir='ltr'><strong>beati:</strong></span> 
     </span>
    </p>

    <p class='ocr_par' dir='ltr' id='par_1_17' title="bbox 197 2455 1008 2645">
     <span class='ocr_line' id='line_1_34' title="bbox 197 2455 774 2575; baseline 0.002 -18"><span class='ocrx_word' id='word_1_229' title='bbox 197 2507 233 2557; x_wconf 88' lang='lat' dir='ltr'><strong>Et</strong></span> <span class='ocrx_word' id='word_1_230' title='bbox 241 2506 330 2557; x_wconf 84' lang='lat' dir='ltr'><strong>frater</strong></span> <span class='ocrx_word' id='word_1_231' title='bbox 342 2505 425 2571; x_wconf 84' lang='lat' dir='ltr'><strong>felix,</strong></span> <span class='ocrx_word' id='word_1_232' title='bbox 444 2516 472 2559; x_wconf 88' lang='lat' dir='ltr'><strong>et</strong></span> <span class='ocrx_word' id='word_1_233' title='bbox 480 2455 632 2559; x_wconf 72' lang='lat' dir='ltr'><strong>lurtumra</strong></span> <span class='ocrx_word' id='word_1_234' title='bbox 644 2507 774 2575; x_wconf 85' lang='lat' dir='ltr'><strong>profecto</strong></span> 
     </span>
     <span class='ocr_line' id='line_1_35' title="bbox 200 2574 1008 2645; baseline 0.002 -20"><span class='ocrx_word' id='word_1_235' title='bbox 200 2575 227 2625; x_wconf 84' lang='lat' dir='ltr'><strong>si</strong></span> <span class='ocrx_word' id='word_1_236' title='bbox 243 2591 298 2645; x_wconf 87' lang='lat' dir='ltr'><strong>quu</strong></span> <span class='ocrx_word' id='word_1_237' title='bbox 310 2574 361 2626; x_wconf 89' lang='lat' dir='ltr'><strong>tibi</strong></span> <span class='ocrx_word' id='word_1_238' title='bbox 374 2591 456 2626; x_wconf 89' lang='lat' dir='ltr'><strong>soror</strong></span> <span class='ocrx_word' id='word_1_239' title='bbox 471 2585 526 2640; x_wconf 88' lang='lat' dir='ltr'><strong>est,</strong></span> <span class='ocrx_word' id='word_1_240' title='bbox 546 2585 591 2642; x_wconf 89' lang='lat' dir='ltr'><strong>et,</strong></span> <span class='ocrx_word' id='word_1_241' title='bbox 610 2593 682 2645; x_wconf 89' lang='lat' dir='ltr'><strong>qnae</strong></span> <span class='ocrx_word' id='word_1_242' title='bbox 696 2576 775 2627; x_wconf 90' lang='lat' dir='ltr'><strong>debit</strong></span> <span class='ocrx_word' id='word_1_243' title='bbox 785 2575 887 2640; x_wconf 85' lang='lat' dir='ltr'><strong>ubera,</strong></span> <span class='ocrx_word' id='word_1_244' title='bbox 903 2574 1008 2639; x_wconf 68' lang='lat' dir='ltr'><strong>nutrix,</strong></span> 
     </span>
    </p>

    <p class='ocr_par' dir='ltr' id='par_1_18' title="bbox 129 2642 1072 2989">
     <span class='ocr_line' id='line_1_36' title="bbox 129 2642 880 2724; baseline -0.003 -27"><span class='ocrx_word' id='word_1_245' title='bbox 129 2642 181 2700; x_wconf 74' lang='lat'><strong>325</strong></span> <span class='ocrx_word' id='word_1_246' title='bbox 199 2644 255 2696; x_wconf 88' lang='lat' dir='ltr'><strong>Sed</strong></span> <span class='ocrx_word' id='word_1_247' title='bbox 263 2643 347 2724; x_wconf 65' lang='lat' dir='ltr'><strong>longe</strong></span> <span class='ocrx_word' id='word_1_248' title='bbox 362 2644 486 2711; x_wconf 81' lang='lat' dir='ltr'><strong>cunctis,</strong></span> <span class='ocrx_word' id='word_1_249' title='bbox 502 2644 644 2716; x_wconf 83' lang='lat' dir='ltr'><strong>longeque</strong></span> <span class='ocrx_word' id='word_1_250' title='bbox 656 2645 800 2713; x_wconf 88' lang='lat' dir='ltr'><strong>potentior</strong></span> <span class='ocrx_word' id='word_1_251' title='bbox 816 2644 880 2710; x_wconf 86' lang='lat' dir='ltr'><strong>illis,</strong></span> 
     </span>
     <span class='ocr_line' id='line_1_37' title="bbox 198 2711 953 2784; baseline 0.001 -21"><span class='ocrx_word' id='word_1_252' title='bbox 198 2713 227 2763; x_wconf 82' lang='lat' dir='ltr'><strong>si</strong></span> <span class='ocrx_word' id='word_1_253' title='bbox 240 2729 295 2782; x_wconf 89' lang='lat' dir='ltr'><strong>qua</strong></span> <span class='ocrx_word' id='word_1_254' title='bbox 307 2712 360 2764; x_wconf 81' lang='lat' dir='ltr'><strong>nbi</strong></span> <span class='ocrx_word' id='word_1_255' title='bbox 372 2730 473 2781; x_wconf 77' lang='lat' dir='ltr'><strong>sponsa</strong></span> <span class='ocrx_word' id='word_1_256' title='bbox 485 2723 544 2780; x_wconf 86' lang='lat' dir='ltr'><strong>est,</strong></span> <span class='ocrx_word' id='word_1_257' title='bbox 562 2715 585 2765; x_wconf 88' lang='lat' dir='ltr'><strong>si</strong></span> <span class='ocrx_word' id='word_1_258' title='bbox 602 2732 687 2784; x_wconf 90' lang='lat' dir='ltr'><strong>quam</strong></span> <span class='ocrx_word' id='word_1_259' title='bbox 699 2714 852 2782; x_wconf 78' lang='lat' dir='ltr'><strong>dignabere</strong></span> <span class='ocrx_word' id='word_1_260' title='bbox 862 2711 953 2765; x_wconf 85' lang='lat' dir='ltr'><strong>taeda.</strong></span> 
     </span>
     <span class='ocr_line' id='line_1_38' title="bbox 198 2782 990 2853; baseline 0.003 -21"><span class='ocrx_word' id='word_1_261' title='bbox 198 2784 274 2834; x_wconf 87' lang='lat' dir='ltr'><strong>Haec</strong></span> <span class='ocrx_word' id='word_1_262' title='bbox 287 2782 342 2833; x_wconf 88' lang='lat' dir='ltr'><strong>tibi</strong></span> <span class='ocrx_word' id='word_1_263' title='bbox 353 2782 410 2834; x_wconf 81' lang='lat' dir='ltr'><strong>sive</strong></span> <span class='ocrx_word' id='word_1_264' title='bbox 423 2782 517 2853; x_wconf 81' lang='lat' dir='ltr'><strong>aliqua</strong></span> <span class='ocrx_word' id='word_1_265' title='bbox 534 2792 588 2849; x_wconf 88' lang='lat' dir='ltr'><strong>est,</strong></span> <span class='ocrx_word' id='word_1_266' title='bbox 608 2801 672 2835; x_wconf 88' lang='lat' dir='ltr'><strong>mea</strong></span> <span class='ocrx_word' id='word_1_267' title='bbox 684 2783 719 2834; x_wconf 88' lang='lat' dir='ltr'><strong>sit</strong></span> <span class='ocrx_word' id='word_1_268' title='bbox 730 2783 834 2834; x_wconf 74' lang='lat' dir='ltr'><strong>furtira</strong></span> <span class='ocrx_word' id='word_1_269' title='bbox 847 2782 990 2850; x_wconf 82' lang='lat' dir='ltr'><strong>voluptas:</strong></span> 
     </span>
     <span class='ocr_line' id='line_1_39' title="bbox 199 2850 1072 2921; baseline 0.007 -20"><span class='ocrx_word' id='word_1_270' title='bbox 199 2854 254 2902; x_wconf 82' lang='lat' dir='ltr'><strong>Seu</strong></span> <span class='ocrx_word' id='word_1_271' title='bbox 265 2850 344 2902; x_wconf 89' lang='lat' dir='ltr'><strong>nulla</strong></span> <span class='ocrx_word' id='word_1_272' title='bbox 354 2860 410 2916; x_wconf 91' lang='lat' dir='ltr'><strong>est,</strong></span> <span class='ocrx_word' id='word_1_273' title='bbox 430 2869 483 2921; x_wconf 75' lang='lat' dir='ltr'><strong>ego</strong></span> <span class='ocrx_word' id='word_1_274' title='bbox 496 2852 562 2919; x_wconf 87' lang='lat' dir='ltr'><strong>sim,</strong></span> <span class='ocrx_word' id='word_1_275' title='bbox 581 2852 793 2921; x_wconf 78' lang='lat' dir='ltr'><strong>thalamumque</strong></span> <span class='ocrx_word' id='word_1_276' title='bbox 803 2853 928 2904; x_wconf 87' lang='lat' dir='ltr'><strong>ineamus</strong></span> <span class='ocrx_word' id='word_1_277' title='bbox 939 2851 1072 2907; x_wconf 80' lang='lat' dir='ltr'><strong>eundem.</strong></span> 
     </span>
     <span class='ocr_line' id='line_1_40' title="bbox 198 2918 986 2989; baseline 0 -18"><span class='ocrx_word' id='word_1_278' title='bbox 198 2918 264 2971; x_wconf 86' lang='lat' dir='ltr'><strong>Nais</strong></span> <span class='ocrx_word' id='word_1_279' title='bbox 275 2920 310 2970; x_wconf 84' lang='lat' dir='ltr'><strong>eb</strong></span> <span class='ocrx_word' id='word_1_280' title='bbox 324 2919 367 2971; x_wconf 90' lang='lat' dir='ltr'><strong>his</strong></span> <span class='ocrx_word' id='word_1_281' title='bbox 376 2922 478 2972; x_wconf 82' lang='lat' dir='ltr'><strong>tacuit:</strong></span> <span class='ocrx_word' id='word_1_282' title='bbox 498 2921 579 2989; x_wconf 85' lang='lat' dir='ltr'><strong>pueri</strong></span> <span class='ocrx_word' id='word_1_283' title='bbox 591 2922 680 2974; x_wconf 86' lang='lat' dir='ltr'><strong>rubor</strong></span> <span class='ocrx_word' id='word_1_284' title='bbox 694 2938 743 2972; x_wconf 90' lang='lat' dir='ltr'><strong>ora</strong></span> <span class='ocrx_word' id='word_1_285' title='bbox 755 2920 870 2984; x_wconf 80' lang='lat' dir='ltr'><strong>notavit,</strong></span> <span class='ocrx_word' id='word_1_286' title='bbox 983 2923 986 2929; x_wconf 83' lang='lat'><em>&#39;</em></span> 
     </span>
    </p>

    <p class='ocr_par' dir='ltr' id='par_1_19' title="bbox 129 2986 936 3058">
     <span class='ocr_line' id='line_1_41' title="bbox 129 2986 936 3058; baseline 0.001 -16"><span class='ocrx_word' id='word_1_287' title='bbox 129 2986 182 3044; x_wconf 78' lang='lat'><strong>330</strong></span> <span class='ocrx_word' id='word_1_288' title='bbox 198 2988 298 3041; x_wconf 88' lang='lat' dir='ltr'><strong>Nescia</strong></span> <span class='ocrx_word' id='word_1_289' title='bbox 309 2988 376 3058; x_wconf 88' lang='lat' dir='ltr'><strong>quid</strong></span> <span class='ocrx_word' id='word_1_290' title='bbox 389 2990 424 3040; x_wconf 87' lang='lat' dir='ltr'><strong>sit</strong></span> <span class='ocrx_word' id='word_1_291' title='bbox 440 3007 534 3043; x_wconf 85' lang='lat' dir='ltr'><strong>amor:</strong></span> <span class='ocrx_word' id='word_1_292' title='bbox 553 2991 602 3042; x_wconf 86' lang='lat' dir='ltr'><strong>sed</strong></span> <span class='ocrx_word' id='word_1_293' title='bbox 615 3000 644 3043; x_wconf 91' lang='lat' dir='ltr'><strong>et</strong></span> <span class='ocrx_word' id='word_1_294' title='bbox 654 2989 795 3042; x_wconf 84' lang='lat' dir='ltr'><strong>erubuisse</strong></span> <span class='ocrx_word' id='word_1_295' title='bbox 810 2989 936 3043; x_wconf 75' lang='lat' dir='ltr'><strong>decebat.</strong></span> 
     </span>
    </p>

    <p class='ocr_par' dir='ltr' id='par_1_20' title="bbox 198 3057 920 3333">
     <span class='ocr_line' id='line_1_42' title="bbox 198 3057 873 3127; baseline 0 -18"><span class='ocrx_word' id='word_1_296' title='bbox 198 3058 250 3109; x_wconf 82' lang='lat' dir='ltr'><strong>llic</strong></span> <span class='ocrx_word' id='word_1_297' title='bbox 263 3057 344 3110; x_wconf 89' lang='lat' dir='ltr'><strong>color</strong></span> <span class='ocrx_word' id='word_1_298' title='bbox 357 3059 451 3126; x_wconf 82' lang='lat' dir='ltr'><strong>aprica</strong></span> <span class='ocrx_word' id='word_1_299' title='bbox 463 3059 648 3126; x_wconf 86' lang='lat' dir='ltr'><strong>pendentibus</strong></span> <span class='ocrx_word' id='word_1_300' title='bbox 659 3060 761 3111; x_wconf 83' lang='lat' dir='ltr'><strong>arbore</strong></span> <span class='ocrx_word' id='word_1_301' title='bbox 772 3060 873 3127; x_wconf 87' lang='lat' dir='ltr'><strong>pomis,</strong></span> 
     </span>
     <span class='ocr_line' id='line_1_43' title="bbox 198 3127 920 3193; baseline 0.003 -16"><span class='ocrx_word' id='word_1_302' title='bbox 198 3133 253 3178; x_wconf 84' lang='lat' dir='ltr'><strong>Ant</strong></span> <span class='ocrx_word' id='word_1_303' title='bbox 267 3127 344 3178; x_wconf 88' lang='lat' dir='ltr'><strong>ebori</strong></span> <span class='ocrx_word' id='word_1_304' title='bbox 358 3127 449 3181; x_wconf 82' lang='lat' dir='ltr'><strong>tincto</strong></span> <span class='ocrx_word' id='word_1_305' title='bbox 462 3136 518 3193; x_wconf 85' lang='lat' dir='ltr'><strong>est,</strong></span> <span class='ocrx_word' id='word_1_306' title='bbox 535 3138 584 3180; x_wconf 86' lang='lat' dir='ltr'><strong>aut</strong></span> <span class='ocrx_word' id='word_1_307' title='bbox 595 3129 646 3181; x_wconf 88' lang='lat' dir='ltr'><strong>sub</strong></span> <span class='ocrx_word' id='word_1_308' title='bbox 658 3128 781 3181; x_wconf 79' lang='lat' dir='ltr'><strong>candore</strong></span> <span class='ocrx_word' id='word_1_309' title='bbox 797 3127 920 3193; x_wconf 82' lang='lat' dir='ltr'><strong>rubenti,</strong></span> 
     </span>
     <span class='ocr_line' id='line_1_44' title="bbox 201 3195 904 3263; baseline 0.004 -16"><span class='ocrx_word' id='word_1_310' title='bbox 201 3197 270 3248; x_wconf 88' lang='lat' dir='ltr'><strong>Cum</strong></span> <span class='ocrx_word' id='word_1_311' title='bbox 284 3195 391 3246; x_wconf 85' lang='lat' dir='ltr'><strong>frustra</strong></span> <span class='ocrx_word' id='word_1_312' title='bbox 403 3207 537 3249; x_wconf 82' lang='lat' dir='ltr'><strong>resonant</strong></span> <span class='ocrx_word' id='word_1_313' title='bbox 549 3215 616 3251; x_wconf 83' lang='lat' dir='ltr'><strong>aera</strong></span> <span class='ocrx_word' id='word_1_314' title='bbox 627 3197 783 3263; x_wconf 85' lang='lat' dir='ltr'><strong>auxiliaria,</strong></span> <span class='ocrx_word' id='word_1_315' title='bbox 799 3200 904 3251; x_wconf 79' lang='lat' dir='ltr'><strong>Lunae.</strong></span> 
     </span>
     <span class='ocr_line' id='line_1_45' title="bbox 198 3264 862 3333; baseline 0.003 -17"><span class='ocrx_word' id='word_1_316' title='bbox 198 3264 325 3317; x_wconf 82' lang='lat' dir='ltr'><strong>Poscenti</strong></span> <span class='ocrx_word' id='word_1_317' title='bbox 337 3266 481 3333; x_wconf 80' lang='lat' dir='ltr'><strong>Nymphae</strong></span> <span class='ocrx_word' id='word_1_318' title='bbox 493 3268 553 3320; x_wconf 84' lang='lat' dir='ltr'><strong>sine</strong></span> <span class='ocrx_word' id='word_1_319' title='bbox 569 3268 625 3320; x_wconf 85' lang='lat' dir='ltr'><strong>fine</strong></span> <span class='ocrx_word' id='word_1_320' title='bbox 638 3267 747 3320; x_wconf 86' lang='lat' dir='ltr'><strong>sororia</strong></span> <span class='ocrx_word' id='word_1_321' title='bbox 762 3266 862 3318; x_wconf 83' lang='lat' dir='ltr'><strong>saltem</strong></span> 
     </span>
    </p>

    <p class='ocr_par' dir='ltr' id='par_1_21' title="bbox 132 3329 954 3405">
     <span class='ocr_line' id='line_1_46' title="bbox 132 3329 954 3405; baseline 0.006 -21"><span class='ocrx_word' id='word_1_322' title='bbox 132 3329 184 3387; x_wconf 77' lang='lat'><strong>335</strong></span> <span class='ocrx_word' id='word_1_323' title='bbox 201 3333 316 3402; x_wconf 83' lang='lat' dir='ltr'><strong>oscula,</strong></span> <span class='ocrx_word' id='word_1_324' title='bbox 334 3333 447 3405; x_wconf 78' lang='lat' dir='ltr'><strong>iamque</strong></span> <span class='ocrx_word' id='word_1_325' title='bbox 458 3351 559 3393; x_wconf 84' lang='lat' dir='ltr'><strong>manus</strong></span> <span class='ocrx_word' id='word_1_326' title='bbox 570 3337 608 3391; x_wconf 86' lang='lat' dir='ltr'><strong>ad</strong></span> <span class='ocrx_word' id='word_1_327' title='bbox 619 3337 743 3391; x_wconf 81' lang='lat' dir='ltr'><strong>eburnea</strong></span> <span class='ocrx_word' id='word_1_328' title='bbox 759 3335 833 3391; x_wconf 89' lang='lat' dir='ltr'><strong>colla</strong></span> <span class='ocrx_word' id='word_1_329' title='bbox 843 3331 954 3401; x_wconf 81' lang='lat' dir='ltr'><strong>ferenti,</strong></span> 
     </span>
    </p>
   </div>
   <div class='ocr_carea' id='block_1_3' title="bbox 0 0 1180 3834">
    <p class='ocr_par' dir='ltr' id='par_1_22' title="bbox 0 0 1180 3834">
     <span class='ocr_line' id='line_1_47' title="bbox 0 0 1180 3834; baseline 0 1"><span class='ocrx_word' id='word_1_330' title='bbox 0 0 1180 3834; x_wconf 95' lang='lat' dir='ltr'><strong> </strong></span> 
     </span>
    </p>
   </div>
  </div>
 </body>
</html>
