<?xml version="1.0" encoding="UTF-8"?>
<!DOCTYPE html PUBLIC "-//W3C//DTD XHTML 1.0 Transitional//EN"
    "http://www.w3.org/TR/xhtml1/DTD/xhtml1-transitional.dtd">
<html xmlns="http://www.w3.org/1999/xhtml" xml:lang="en" lang="en">
 <head>
  <title>
</title>
<meta http-equiv="Content-Type" content="text/html;charset=utf-8" />
  <meta name='ocr-system' content='tesseract 3.04.00' />
  <meta name='ocr-capabilities' content='ocr_page ocr_carea ocr_par ocr_line ocrx_word'/>
</head>
<body>
  <div class='ocr_page' id='page_1' title='image "./operaomnia03ovidgoog/operaomnia03ovidgoog_0013.png"; bbox 0 0 2350 3834; ppageno 0'>
   <div class='ocr_carea' id='block_1_1' title="bbox 298 184 897 286">
    <p class='ocr_par' dir='ltr' id='par_1_1' title="bbox 298 184 897 286">
     <span class='ocr_line' id='line_1_1' title="bbox 298 184 897 286; baseline -0.005 -2"><span class='ocrx_word' id='word_1_1' title='bbox 298 184 741 286; x_wconf 70' lang='lat' dir='ltr'><strong>Matauoaaaosaon</strong></span> <span class='ocrx_word' id='word_1_2' title='bbox 767 226 852 281; x_wconf 86' lang='lat' dir='ltr'><strong>LIB.</strong></span> <span class='ocrx_word' id='word_1_3' title='bbox 872 226 897 282; x_wconf 89' lang='lat'><strong>1.</strong></span> 
     </span>
    </p>
   </div>
   <div class='ocr_carea' id='block_1_2' title="bbox 16 374 940 1694">
    <p class='ocr_par' dir='ltr' id='par_1_2' title="bbox 16 374 914 1555">
     <span class='ocr_line' id='line_1_2' title="bbox 101 374 822 447; baseline -0.003 -17"><span class='ocrx_word' id='word_1_4' title='bbox 101 376 165 430; x_wconf 82' lang='lat' dir='ltr'><strong>Neu</strong></span> <span class='ocrx_word' id='word_1_5' title='bbox 178 374 258 447; x_wconf 78' lang='lat' dir='ltr'><strong>re&#39;gio</strong></span> <span class='ocrx_word' id='word_1_6' title='bbox 271 375 348 429; x_wconf 88' lang='lat' dir='ltr'><strong>foret</strong></span> <span class='ocrx_word' id='word_1_7' title='bbox 359 376 417 429; x_wconf 85' lang='lat' dir='ltr'><strong>ulla</strong></span> <span class='ocrx_word' id='word_1_8' title='bbox 427 376 484 430; x_wconf 83' lang='lat' dir='ltr'><strong>suis</strong></span> <span class='ocrx_word' id='word_1_9' title='bbox 496 376 684 430; x_wconf 77' lang='lat' dir='ltr'><strong>mimantibtn</strong></span> <span class='ocrx_word' id='word_1_10' title='bbox 694 374 774 439; x_wconf 79' lang='lat' dir='ltr'><strong>brba,</strong></span> <span class='ocrx_word' id='word_1_11' title='bbox 820 376 822 379; x_wconf 81' lang='grc'><strong>’</strong></span> 
     </span>
     <span class='ocr_line' id='line_1_3' title="bbox 100 444 868 517; baseline 0 -20"><span class='ocrx_word' id='word_1_12' title='bbox 100 450 182 498; x_wconf 81' lang='lat' dir='ltr'><strong>Astra</strong></span> <span class='ocrx_word' id='word_1_13' title='bbox 198 455 294 503; x_wconf 80' lang='lat' dir='ltr'><strong>tenent</strong></span> <span class='ocrx_word' id='word_1_14' title='bbox 306 446 427 500; x_wconf 85' lang='lat' dir='ltr'><strong>coeleste</strong></span> <span class='ocrx_word' id='word_1_15' title='bbox 438 447 539 516; x_wconf 86' lang='lat' dir='ltr'><strong>splum,</strong></span> <span class='ocrx_word' id='word_1_16' title='bbox 556 449 722 517; x_wconf 85' lang='lat' dir='ltr'><strong>formaeque</strong></span> <span class='ocrx_word' id='word_1_17' title='bbox 736 444 868 498; x_wconf 81' lang='lat' dir='ltr'><strong>deorum:</strong></span> 
     </span>
     <span class='ocr_line' id='line_1_4' title="bbox 101 512 914 586; baseline 0.001 -19"><span class='ocrx_word' id='word_1_18' title='bbox 101 517 250 567; x_wconf 78' lang='lat' dir='ltr'>Cesserunt</span> <span class='ocrx_word' id='word_1_19' title='bbox 260 515 353 569; x_wconf 85' lang='lat' dir='ltr'><strong>nitidis</strong></span> <span class='ocrx_word' id='word_1_20' title='bbox 368 516 536 571; x_wconf 69' lang='lat' dir='ltr'><strong>habitandae</strong></span> <span class='ocrx_word' id='word_1_21' title='bbox 550 517 672 586; x_wconf 84' lang='lat' dir='ltr'><strong>piscibus</strong></span> <span class='ocrx_word' id='word_1_22' title='bbox 684 512 791 568; x_wconf 82' lang='lat' dir='ltr'><strong>undae:</strong></span> <span class='ocrx_word' id='word_1_23' title='bbox 911 526 914 537; x_wconf 80' lang='lat'><em>&#39;</em></span> 
     </span>
     <span class='ocr_line' id='line_1_5' title="bbox 100 584 745 657; baseline 0.002 -21"><span class='ocrx_word' id='word_1_24' title='bbox 100 586 190 636; x_wconf 87' lang='lat' dir='ltr'><strong>Terra</strong></span> <span class='ocrx_word' id='word_1_25' title='bbox 203 584 277 636; x_wconf 88' lang='lat' dir='ltr'><strong>feras</strong></span> <span class='ocrx_word' id='word_1_26' title='bbox 289 585 376 654; x_wconf 88' lang='lat' dir='ltr'><strong>cepit:</strong></span> <span class='ocrx_word' id='word_1_27' title='bbox 395 584 523 638; x_wconf 79' lang='lat' dir='ltr'><strong>volucres</strong></span> <span class='ocrx_word' id='word_1_28' title='bbox 534 585 673 657; x_wconf 68' lang='lat' dir='ltr'><strong>agitabilis</strong></span> <span class='ocrx_word' id='word_1_29' title='bbox 687 587 745 637; x_wconf 66' lang='lat' dir='ltr'><strong>air.</strong></span> 
     </span>
     <span class='ocr_line' id='line_1_6' title="bbox 100 652 810 736; baseline 0 -31"><span class='ocrx_word' id='word_1_30' title='bbox 100 653 229 706; x_wconf 78' lang='lat' dir='ltr'><strong>Sanctius</strong></span> <span class='ocrx_word' id='word_1_31' title='bbox 242 653 283 705; x_wconf 83' lang='lat' dir='ltr'><strong>hia</strong></span> <span class='ocrx_word' id='word_1_32' title='bbox 296 654 408 720; x_wconf 85' lang='lat' dir='ltr'><strong>animal,</strong></span> <span class='ocrx_word' id='word_1_33' title='bbox 422 656 578 736; x_wconf 69' lang='lat' dir='ltr'><strong>manusque</strong></span> <span class='ocrx_word' id='word_1_34' title='bbox 593 654 722 724; x_wconf 87' lang='lat' dir='ltr'><strong>capacius</strong></span> <span class='ocrx_word' id='word_1_35' title='bbox 736 652 810 705; x_wconf 89' lang='lat' dir='ltr'><strong>altae</strong></span> 
     </span>
     <span class='ocr_line' id='line_1_7' title="bbox 16 722 877 804; baseline 0.001 -30"><span class='ocrx_word' id='word_1_36' title='bbox 16 784 20 791; x_wconf 37' lang='grc' dir='ltr'>Ι</span> <span class='ocrx_word' id='word_1_37' title='bbox 99 725 205 775; x_wconf 79' lang='lat' dir='ltr'><strong>Deerat</strong></span> <span class='ocrx_word' id='word_1_38' title='bbox 216 722 317 790; x_wconf 86' lang='lat' dir='ltr'><strong>adhuc,</strong></span> <span class='ocrx_word' id='word_1_39' title='bbox 335 732 363 775; x_wconf 91' lang='lat' dir='ltr'><strong>et</strong></span> <span class='ocrx_word' id='word_1_40' title='bbox 372 723 448 804; x_wconf 90' lang='lat' dir='ltr'><strong>quod</strong></span> <span class='ocrx_word' id='word_1_41' title='bbox 460 724 601 777; x_wconf 80' lang='lat' dir='ltr'><strong>dominari</strong></span> <span class='ocrx_word' id='word_1_42' title='bbox 611 726 641 776; x_wconf 91' lang='lat' dir='ltr'><strong>in</strong></span> <span class='ocrx_word' id='word_1_43' title='bbox 653 732 764 776; x_wconf 87' lang='lat' dir='ltr'><strong>caetera</strong></span> <span class='ocrx_word' id='word_1_44' title='bbox 776 726 877 791; x_wconf 80' lang='lat' dir='ltr'><strong>posset.</strong></span> 
     </span>
     <span class='ocr_line' id='line_1_8' title="bbox 99 791 824 857; baseline -0.003 -12"><span class='ocrx_word' id='word_1_45' title='bbox 99 794 188 845; x_wconf 83' lang='lat' dir='ltr'><strong>Natus</strong></span> <span class='ocrx_word' id='word_1_46' title='bbox 202 792 287 844; x_wconf 91' lang='lat' dir='ltr'><strong>homo</strong></span> <span class='ocrx_word' id='word_1_47' title='bbox 301 801 352 857; x_wconf 84' lang='lat' dir='ltr'><strong>eat,</strong></span> <span class='ocrx_word' id='word_1_48' title='bbox 369 809 426 845; x_wconf 76' lang='lat' dir='ltr'><strong>sive</strong></span> <span class='ocrx_word' id='word_1_49' title='bbox 438 794 513 846; x_wconf 89' lang='lat' dir='ltr'><strong>hunc</strong></span> <span class='ocrx_word' id='word_1_50' title='bbox 528 793 623 845; x_wconf 82' lang='lat' dir='ltr'><strong>divino</strong></span> <span class='ocrx_word' id='word_1_51' title='bbox 637 791 743 845; x_wconf 88' lang='lat' dir='ltr'><strong>semina</strong></span> <span class='ocrx_word' id='word_1_52' title='bbox 754 791 824 844; x_wconf 79' lang='lat' dir='ltr'><strong>fecit</strong></span> 
     </span>
     <span class='ocr_line' id='line_1_9' title="bbox 100 860 741 929; baseline -0.003 -13"><span class='ocrx_word' id='word_1_53' title='bbox 100 861 152 916; x_wconf 83' lang='lat' dir='ltr'><strong>[lle</strong></span> <span class='ocrx_word' id='word_1_54' title='bbox 166 860 261 929; x_wconf 77' lang='lat' dir='ltr'><strong>opifex</strong></span> <span class='ocrx_word' id='word_1_55' title='bbox 275 878 382 928; x_wconf 89' lang='lat' dir='ltr'><strong>rerum,</strong></span> <span class='ocrx_word' id='word_1_56' title='bbox 399 862 496 914; x_wconf 90' lang='lat' dir='ltr'><strong>mundi</strong></span> <span class='ocrx_word' id='word_1_57' title='bbox 506 863 631 915; x_wconf 87' lang='lat' dir='ltr'><strong>melioris</strong></span> <span class='ocrx_word' id='word_1_58' title='bbox 644 862 687 914; x_wconf 87' lang='lat' dir='ltr'><strong>ori</strong></span> <span class='ocrx_word' id='word_1_59' title='bbox 707 878 741 914; x_wconf 84' lang='lat' dir='ltr'><strong>o:</strong></span> 
     </span>
     <span class='ocr_line' id='line_1_10' title="bbox 100 930 793 1002; baseline 0 -20"><span class='ocrx_word' id='word_1_60' title='bbox 100 930 163 983; x_wconf 86' lang='lat' dir='ltr'><strong>Sive</strong></span> <span class='ocrx_word' id='word_1_61' title='bbox 173 947 271 983; x_wconf 87' lang='lat' dir='ltr'><strong>recena</strong></span> <span class='ocrx_word' id='word_1_62' title='bbox 282 930 378 996; x_wconf 78' lang='lat' dir='ltr'><strong>tellus,</strong></span> <span class='ocrx_word' id='word_1_63' title='bbox 396 932 567 1002; x_wconf 68' lang='lat' dir='ltr'><strong>seductaque</strong></span> <span class='ocrx_word' id='word_1_64' title='bbox 580 948 672 1000; x_wconf 82' lang='lat' dir='ltr'><strong>nuper</strong></span> <span class='ocrx_word' id='word_1_65' title='bbox 733 930 793 983; x_wconf 86' lang='lat' dir='ltr'><strong>alto</strong></span> 
     </span>
     <span class='ocr_line' id='line_1_11' title="bbox 100 989 811 1071; baseline -0.004 -19"><span class='ocrx_word' id='word_1_66' title='bbox 100 999 232 1066; x_wconf 81' lang='lat' dir='ltr'><strong>Aethere,</strong></span> <span class='ocrx_word' id='word_1_67' title='bbox 251 1001 364 1071; x_wconf 77' lang='lat' dir='ltr'><strong>cognati</strong></span> <span class='ocrx_word' id='word_1_68' title='bbox 378 1001 517 1054; x_wconf 84' lang='lat' dir='ltr'><strong>retinebat</strong></span> <span class='ocrx_word' id='word_1_69' title='bbox 559 1003 637 1052; x_wconf 86' lang='lat' dir='ltr'><strong>mina</strong></span> <span class='ocrx_word' id='word_1_70' title='bbox 649 999 732 1052; x_wconf 81' lang='lat' dir='ltr'><strong>coeli.</strong></span> <span class='ocrx_word' id='word_1_71' title='bbox 784 989 811 1049; x_wconf 73' lang='lat' dir='ltr'><strong>S</strong></span> 
     </span>
     <span class='ocr_line' id='line_1_12' title="bbox 101 1066 800 1138; baseline -0.003 -17"><span class='ocrx_word' id='word_1_72' title='bbox 101 1072 193 1132; x_wconf 87' lang='lat' dir='ltr'><strong>Quam</strong></span> <span class='ocrx_word' id='word_1_73' title='bbox 204 1073 394 1138; x_wconf 82' lang='lat' dir='ltr'><strong>satnsliipeto,</strong></span> <span class='ocrx_word' id='word_1_74' title='bbox 411 1069 525 1122; x_wconf 83' lang='lat' dir='ltr'><strong>mistam</strong></span> <span class='ocrx_word' id='word_1_75' title='bbox 560 1068 696 1122; x_wconf 73' lang='lat' dir='ltr'><strong>usialibua</strong></span> <span class='ocrx_word' id='word_1_76' title='bbox 708 1066 800 1133; x_wconf 85' lang='lat' dir='ltr'><strong>undis,</strong></span> 
     </span>
     <span class='ocr_line' id='line_1_13' title="bbox 99 1136 830 1208; baseline -0.001 -19"><span class='ocrx_word' id='word_1_77' title='bbox 99 1138 192 1190; x_wconf 82' lang='lat' dir='ltr'><strong>Finxit</strong></span> <span class='ocrx_word' id='word_1_78' title='bbox 203 1138 233 1189; x_wconf 87' lang='lat' dir='ltr'><strong>in</strong></span> <span class='ocrx_word' id='word_1_79' title='bbox 246 1139 368 1208; x_wconf 78' lang='lat' dir='ltr'><strong>effigiem</strong></span> <span class='ocrx_word' id='word_1_80' title='bbox 378 1139 576 1191; x_wconf 85' lang='lat' dir='ltr'><strong>moderantum</strong></span> <span class='ocrx_word' id='word_1_81' title='bbox 588 1147 690 1191; x_wconf 86' lang='lat' dir='ltr'><strong>cuncta</strong></span> <span class='ocrx_word' id='word_1_82' title='bbox 702 1136 830 1189; x_wconf 88' lang='lat' dir='ltr'><strong>deorum.</strong></span> 
     </span>
     <span class='ocr_line' id='line_1_14' title="bbox 99 1208 861 1276; baseline -0.004 -16"><span class='ocrx_word' id='word_1_83' title='bbox 99 1208 327 1275; x_wconf 89' lang='lat' dir='ltr'><strong>Pronaquecnm</strong></span> <span class='ocrx_word' id='word_1_84' title='bbox 339 1217 467 1276; x_wconf 71' lang='lat' dir='ltr'><strong>spectem</strong></span> <span class='ocrx_word' id='word_1_85' title='bbox 478 1208 610 1261; x_wconf 79' lang='lat' dir='ltr'><strong>animaba</strong></span> <span class='ocrx_word' id='word_1_86' title='bbox 623 1216 735 1260; x_wconf 83' lang='lat' dir='ltr'><strong>caetera</strong></span> <span class='ocrx_word' id='word_1_87' title='bbox 745 1214 861 1272; x_wconf 85' lang='lat' dir='ltr'><strong>terram,</strong></span> 
     </span>
     <span class='ocr_line' id='line_1_15' title="bbox 100 1275 770 1347; baseline -0.001 -19"><span class='ocrx_word' id='word_1_88' title='bbox 100 1280 135 1328; x_wconf 86' lang='lat' dir='ltr'><strong>Os</strong></span> <span class='ocrx_word' id='word_1_89' title='bbox 150 1275 259 1328; x_wconf 89' lang='lat' dir='ltr'><strong>homini</strong></span> <span class='ocrx_word' id='word_1_90' title='bbox 273 1276 393 1329; x_wconf 81' lang='lat' dir='ltr'><strong>sublime</strong></span> <span class='ocrx_word' id='word_1_91' title='bbox 407 1277 495 1330; x_wconf 61' lang='lat' dir='ltr'><strong>dediti</strong></span> <span class='ocrx_word' id='word_1_92' title='bbox 514 1277 682 1347; x_wconf 87' lang='lat' dir='ltr'><strong>coelumque</strong></span> <span class='ocrx_word' id='word_1_93' title='bbox 694 1275 770 1328; x_wconf 88' lang='lat' dir='ltr'><strong>tueri</strong></span> 
     </span>
     <span class='ocr_line' id='line_1_16' title="bbox 99 1345 740 1411; baseline 0.002 -14"><span class='ocrx_word' id='word_1_94' title='bbox 99 1345 190 1411; x_wconf 82' lang='lat' dir='ltr'><strong>Iussit,</strong></span> <span class='ocrx_word' id='word_1_95' title='bbox 210 1354 239 1397; x_wconf 90' lang='lat' dir='ltr'><strong>et</strong></span> <span class='ocrx_word' id='word_1_96' title='bbox 253 1355 361 1398; x_wconf 82' lang='lat' dir='ltr'><strong>erectos</strong></span> <span class='ocrx_word' id='word_1_97' title='bbox 373 1347 410 1398; x_wconf 91' lang='lat' dir='ltr'><strong>ad</strong></span> <span class='ocrx_word' id='word_1_98' title='bbox 421 1347 512 1400; x_wconf 70' lang='lat' dir='ltr'><strong>sidera</strong></span> <span class='ocrx_word' id='word_1_99' title='bbox 523 1346 624 1399; x_wconf 85' lang='lat' dir='ltr'><strong>tollere</strong></span> <span class='ocrx_word' id='word_1_100' title='bbox 638 1345 740 1398; x_wconf 74' lang='lat' dir='ltr'><strong>vultus.</strong></span> 
     </span>
     <span class='ocr_line' id='line_1_17' title="bbox 100 1411 893 1485; baseline 0 -19"><span class='ocrx_word' id='word_1_101' title='bbox 100 1414 154 1479; x_wconf 87' lang='lat' dir='ltr'><strong>Sic,</strong></span> <span class='ocrx_word' id='word_1_102' title='bbox 173 1413 261 1466; x_wconf 90' lang='lat' dir='ltr'><strong>modo</strong></span> <span class='ocrx_word' id='word_1_103' title='bbox 273 1426 345 1484; x_wconf 85' lang='lat' dir='ltr'><strong>quae</strong></span> <span class='ocrx_word' id='word_1_104' title='bbox 357 1415 451 1468; x_wconf 82' lang='lat' dir='ltr'><strong>iuerat</strong></span> <span class='ocrx_word' id='word_1_105' title='bbox 462 1416 541 1475; x_wconf 66' lang='lat' dir='ltr'><strong>rudit</strong></span> <span class='ocrx_word' id='word_1_106' title='bbox 554 1425 582 1468; x_wconf 86' lang='lat' dir='ltr'><strong>et</strong></span> <span class='ocrx_word' id='word_1_107' title='bbox 594 1416 653 1468; x_wconf 83' lang='lat' dir='ltr'><strong>aine</strong></span> <span class='ocrx_word' id='word_1_108' title='bbox 666 1411 798 1485; x_wconf 73' lang='lat' dir='ltr'><strong>imagine,</strong></span> <span class='ocrx_word' id='word_1_109' title='bbox 808 1411 893 1466; x_wconf 81' lang='lat' dir='ltr'><strong>tellus</strong></span> 
     </span>
     <span class='ocr_line' id='line_1_18' title="bbox 99 1483 744 1555; baseline 0 -18"><span class='ocrx_word' id='word_1_110' title='bbox 99 1483 194 1538; x_wconf 85' lang='lat' dir='ltr'><strong>Induit</strong></span> <span class='ocrx_word' id='word_1_111' title='bbox 205 1483 315 1553; x_wconf 87' lang='lat' dir='ltr'><strong>ignotas</strong></span> <span class='ocrx_word' id='word_1_112' title='bbox 326 1484 474 1539; x_wconf 90' lang='lat' dir='ltr'><strong>hominum</strong></span> <span class='ocrx_word' id='word_1_113' title='bbox 485 1500 621 1538; x_wconf 79' lang='lat' dir='ltr'><strong>conversa</strong></span> <span class='ocrx_word' id='word_1_114' title='bbox 631 1484 744 1555; x_wconf 77' lang='lat' dir='ltr'><strong>figuras.</strong></span> 
     </span>
    </p>

    <p class='ocr_par' dir='ltr' id='par_1_3' title="bbox 100 1550 940 1694">
     <span class='ocr_line' id='line_1_19' title="bbox 133 1550 891 1623; baseline 0.001 -19"><span class='ocrx_word' id='word_1_115' title='bbox 133 1557 227 1605; x_wconf 81' lang='lat' dir='ltr'><strong>Aurea</strong></span> <span class='ocrx_word' id='word_1_116' title='bbox 238 1554 331 1622; x_wconf 83' lang='lat' dir='ltr'><strong>prima</strong></span> <span class='ocrx_word' id='word_1_117' title='bbox 343 1562 404 1606; x_wconf 85' lang='lat' dir='ltr'><strong>sata</strong></span> <span class='ocrx_word' id='word_1_118' title='bbox 419 1563 461 1607; x_wconf 86' lang='lat' dir='ltr'><strong>est</strong></span> <span class='ocrx_word' id='word_1_119' title='bbox 473 1563 558 1619; x_wconf 82' lang='lat' dir='ltr'><strong>aetas,</strong></span> <span class='ocrx_word' id='word_1_120' title='bbox 577 1571 659 1623; x_wconf 88' lang='lat' dir='ltr'><strong>quae,</strong></span> <span class='ocrx_word' id='word_1_121' title='bbox 676 1552 787 1604; x_wconf 84' lang='lat' dir='ltr'><strong>vindice</strong></span> <span class='ocrx_word' id='word_1_122' title='bbox 800 1550 891 1620; x_wconf 87' lang='lat' dir='ltr'><strong>nullo,</strong></span> 
     </span>
     <span class='ocr_line' id='line_1_20' title="bbox 100 1621 940 1694; baseline -0.007 -20"><span class='ocrx_word' id='word_1_123' title='bbox 100 1626 206 1692; x_wconf 81' lang='lat' dir='ltr'><strong>Sponte</strong></span> <span class='ocrx_word' id='word_1_124' title='bbox 219 1639 279 1689; x_wconf 88' lang='lat' dir='ltr'><strong>sua,</strong></span> <span class='ocrx_word' id='word_1_125' title='bbox 297 1623 356 1675; x_wconf 86' lang='lat' dir='ltr'><strong>sine</strong></span> <span class='ocrx_word' id='word_1_126' title='bbox 368 1623 438 1694; x_wconf 84' lang='lat' dir='ltr'><strong>lege,</strong></span> <span class='ocrx_word' id='word_1_127' title='bbox 455 1623 542 1677; x_wconf 82' lang='lat' dir='ltr'><strong>fidem</strong></span> <span class='ocrx_word' id='word_1_128' title='bbox 552 1632 719 1692; x_wconf 83' lang='lat' dir='ltr'><strong>rectumque</strong></span> <span class='ocrx_word' id='word_1_129' title='bbox 734 1621 856 1674; x_wconf 89' lang='lat' dir='ltr'><strong>colebat.</strong></span> <span class='ocrx_word' id='word_1_130' title='bbox 938 1666 940 1668; x_wconf 78' lang='grc'>,</span> 
     </span>
    </p>
   </div>
   <div class='ocr_carea' id='block_1_3' title="bbox 15 1690 873 1761">
    <p class='ocr_par' dir='ltr' id='par_1_4' title="bbox 15 1690 873 1761">
     <span class='ocr_line' id='line_1_21' title="bbox 15 1690 873 1761; baseline -0.001 -17"><span class='ocrx_word' id='word_1_131' title='bbox 15 1744 16 1749; x_wconf 70' lang='grc'>,</span> <span class='ocrx_word' id='word_1_132' title='bbox 99 1692 192 1744; x_wconf 88' lang='lat' dir='ltr'><strong>Poena</strong></span> <span class='ocrx_word' id='word_1_133' title='bbox 203 1699 351 1761; x_wconf 83' lang='lat' dir='ltr'><strong>metusque</strong></span> <span class='ocrx_word' id='word_1_134' title='bbox 365 1693 498 1757; x_wconf 78' lang='lat' dir='ltr'><strong>aberant3</strong></span> <span class='ocrx_word' id='word_1_135' title='bbox 516 1709 569 1745; x_wconf 85' lang='lat' dir='ltr'><strong>nac</strong></span> <span class='ocrx_word' id='word_1_136' title='bbox 583 1693 670 1744; x_wconf 84' lang='lat' dir='ltr'><strong>verba</strong></span> <span class='ocrx_word' id='word_1_137' title='bbox 682 1690 806 1743; x_wconf 87' lang='lat' dir='ltr'><strong>minacia</strong></span> <span class='ocrx_word' id='word_1_138' title='bbox 816 1690 873 1743; x_wconf 82' lang='lat' dir='ltr'><strong>fixo</strong></span> 
     </span>
    </p>
   </div>
   <div class='ocr_carea' id='block_1_4' title="bbox 98 1760 884 3422">
    <p class='ocr_par' dir='ltr' id='par_1_5' title="bbox 98 1760 884 3422">
     <span class='ocr_line' id='line_1_22' title="bbox 99 1760 816 1831; baseline -0.006 -16"><span class='ocrx_word' id='word_1_139' title='bbox 99 1769 171 1815; x_wconf 80' lang='lat' dir='ltr'><strong>Aere</strong></span> <span class='ocrx_word' id='word_1_140' title='bbox 186 1760 368 1831; x_wconf 81' lang='lat' dir='ltr'><strong>legebantur:</strong></span> <span class='ocrx_word' id='word_1_141' title='bbox 386 1779 440 1814; x_wconf 87' lang='lat' dir='ltr'><strong>nec</strong></span> <span class='ocrx_word' id='word_1_142' title='bbox 452 1762 567 1831; x_wconf 84' lang='lat' dir='ltr'><strong>supplex</strong></span> <span class='ocrx_word' id='word_1_143' title='bbox 581 1762 666 1814; x_wconf 86' lang='lat' dir='ltr'><strong>turba</strong></span> <span class='ocrx_word' id='word_1_144' title='bbox 676 1760 816 1812; x_wconf 86' lang='lat' dir='ltr'><strong>timebant</strong></span> 
     </span>
     <span class='ocr_line' id='line_1_23' title="bbox 99 1829 757 1884; baseline 0.002 -3"><span class='ocrx_word' id='word_1_145' title='bbox 99 1829 202 1882; x_wconf 87' lang='lat' dir='ltr'><strong>Iudicis</strong></span> <span class='ocrx_word' id='word_1_146' title='bbox 217 1847 268 1882; x_wconf 85' lang='lat' dir='ltr'><strong>ora</strong></span> <span class='ocrx_word' id='word_1_147' title='bbox 281 1832 339 1884; x_wconf 83' lang='lat' dir='ltr'><strong>tui:</strong></span> <span class='ocrx_word' id='word_1_148' title='bbox 355 1830 405 1883; x_wconf 87' lang='lat' dir='ltr'><strong>sed</strong></span> <span class='ocrx_word' id='word_1_149' title='bbox 419 1840 500 1884; x_wconf 86' lang='lat' dir='ltr'><strong>erant</strong></span> <span class='ocrx_word' id='word_1_150' title='bbox 514 1830 575 1882; x_wconf 86' lang='lat' dir='ltr'><strong>sine</strong></span> <span class='ocrx_word' id='word_1_151' title='bbox 586 1830 681 1884; x_wconf 87' lang='lat' dir='ltr'><strong>iudice</strong></span> <span class='ocrx_word' id='word_1_152' title='bbox 693 1829 757 1882; x_wconf 86' lang='lat' dir='ltr'><strong>tuti.</strong></span> 
     </span>
     <span class='ocr_line' id='line_1_24' title="bbox 99 1896 884 1970; baseline -0.004 -18"><span class='ocrx_word' id='word_1_153' title='bbox 99 1900 233 1953; x_wconf 86' lang='lat' dir='ltr'><strong>Nondum</strong></span> <span class='ocrx_word' id='word_1_154' title='bbox 242 1916 325 1952; x_wconf 86' lang='lat' dir='ltr'><strong>caesa</strong></span> <span class='ocrx_word' id='word_1_155' title='bbox 337 1900 401 1966; x_wconf 84' lang='lat' dir='ltr'><strong>anis,</strong></span> <span class='ocrx_word' id='word_1_156' title='bbox 418 1900 599 1970; x_wconf 85' lang='lat' dir='ltr'><strong>peregrinum</strong></span> <span class='ocrx_word' id='word_1_157' title='bbox 611 1908 643 1951; x_wconf 89' lang='lat' dir='ltr'><strong>ut</strong></span> <span class='ocrx_word' id='word_1_158' title='bbox 661 1899 763 1950; x_wconf 87' lang='lat' dir='ltr'><strong>viseret</strong></span> <span class='ocrx_word' id='word_1_159' title='bbox 776 1896 884 1963; x_wconf 85' lang='lat' dir='ltr'><strong>orbem,</strong></span> 
     </span>
     <span class='ocr_line' id='line_1_25' title="bbox 99 1966 839 2038; baseline 0 -18"><span class='ocrx_word' id='word_1_160' title='bbox 99 1969 250 2034; x_wconf 82' lang='lat' dir='ltr'><strong>Montibus,</strong></span> <span class='ocrx_word' id='word_1_161' title='bbox 267 1970 297 2021; x_wconf 89' lang='lat' dir='ltr'><strong>in</strong></span> <span class='ocrx_word' id='word_1_162' title='bbox 308 1968 428 2036; x_wconf 85' lang='lat' dir='ltr'><strong>liquidas</strong></span> <span class='ocrx_word' id='word_1_163' title='bbox 441 1970 522 2038; x_wconf 82' lang='lat' dir='ltr'><strong>p&#39;inua</strong></span> <span class='ocrx_word' id='word_1_164' title='bbox 537 1967 719 2022; x_wconf 72' lang='lat' dir='ltr'><strong>descenderat</strong></span> <span class='ocrx_word' id='word_1_165' title='bbox 732 1966 839 2020; x_wconf 70' lang='lat' dir='ltr'><strong>undans</strong></span> 
     </span>
     <span class='ocr_line' id='line_1_26' title="bbox 99 2038 832 2108; baseline -0.001 -18"><span class='ocrx_word' id='word_1_166' title='bbox 99 2039 238 2108; x_wconf 82' lang='lat' dir='ltr'><strong>Nullaque</strong></span> <span class='ocrx_word' id='word_1_167' title='bbox 249 2038 391 2105; x_wconf 79' lang='lat' dir='ltr'><strong>mortales,</strong></span> <span class='ocrx_word' id='word_1_168' title='bbox 408 2047 521 2108; x_wconf 87' lang='lat' dir='ltr'><strong>praeter</strong></span> <span class='ocrx_word' id='word_1_169' title='bbox 532 2056 591 2103; x_wconf 84' lang='lat' dir='ltr'><strong>sua,</strong></span> <span class='ocrx_word' id='word_1_170' title='bbox 608 2038 705 2091; x_wconf 85' lang='lat' dir='ltr'><strong>littora</strong></span> <span class='ocrx_word' id='word_1_171' title='bbox 720 2044 832 2089; x_wconf 78' lang='lat' dir='ltr'><strong>norant·</strong></span> 
     </span>
     <span class='ocr_line' id='line_1_27' title="bbox 99 2104 814 2178; baseline -0.004 -18"><span class='ocrx_word' id='word_1_172' title='bbox 99 2107 232 2160; x_wconf 88' lang='lat' dir='ltr'><strong>Nondum</strong></span> <span class='ocrx_word' id='word_1_173' title='bbox 243 2109 411 2177; x_wconf 82' lang='lat' dir='ltr'><strong>praecipites</strong></span> <span class='ocrx_word' id='word_1_174' title='bbox 425 2107 576 2178; x_wconf 86' lang='lat' dir='ltr'><strong>cingebant</strong></span> <span class='ocrx_word' id='word_1_175' title='bbox 590 2106 692 2176; x_wconf 88' lang='lat' dir='ltr'><strong>oppida</strong></span> <span class='ocrx_word' id='word_1_176' title='bbox 706 2104 814 2158; x_wconf 80' lang='lat' dir='ltr'><strong>fossae:</strong></span> 
     </span>
     <span class='ocr_line' id='line_1_28' title="bbox 98 2173 737 2244; baseline -0.006 -15"><span class='ocrx_word' id='word_1_177' title='bbox 98 2179 162 2229; x_wconf 89' lang='lat' dir='ltr'><strong>Non</strong></span> <span class='ocrx_word' id='word_1_178' title='bbox 175 2177 244 2229; x_wconf 86' lang='lat' dir='ltr'><strong>tuba</strong></span> <span class='ocrx_word' id='word_1_179' title='bbox 258 2177 366 2244; x_wconf 87' lang='lat' dir='ltr'><strong>directi,</strong></span> <span class='ocrx_word' id='word_1_180' title='bbox 381 2194 438 2230; x_wconf 87' lang='lat' dir='ltr'><strong>non</strong></span> <span class='ocrx_word' id='word_1_181' title='bbox 455 2178 527 2228; x_wconf 85' lang='lat' dir='ltr'><strong>aeris</strong></span> <span class='ocrx_word' id='word_1_182' title='bbox 543 2192 650 2229; x_wconf 87' lang='lat' dir='ltr'><strong>cornua</strong></span> <span class='ocrx_word' id='word_1_183' title='bbox 662 2173 737 2240; x_wconf 84' lang='lat' dir='ltr'><strong>flexi,</strong></span> 
     </span>
     <span class='ocr_line' id='line_1_29' title="bbox 99 2244 801 2317; baseline -0.006 -18"><span class='ocrx_word' id='word_1_184' title='bbox 99 2248 161 2303; x_wconf 85' lang='lat' dir='ltr'><strong>Nou</strong></span> <span class='ocrx_word' id='word_1_185' title='bbox 175 2245 282 2317; x_wconf 80' lang='lat' dir='ltr'><strong>galeae,</strong></span> <span class='ocrx_word' id='word_1_186' title='bbox 299 2263 356 2297; x_wconf 92' lang='lat' dir='ltr'><strong>non</strong></span> <span class='ocrx_word' id='word_1_187' title='bbox 371 2247 441 2298; x_wconf 81' lang='lat' dir='ltr'><strong>ensis</strong></span> <span class='ocrx_word' id='word_1_188' title='bbox 454 2254 542 2298; x_wconf 88' lang='lat' dir='ltr'><strong>erant.</strong></span> <span class='ocrx_word' id='word_1_189' title='bbox 560 2246 626 2299; x_wconf 87' lang='lat' dir='ltr'><strong>Sine</strong></span> <span class='ocrx_word' id='word_1_190' title='bbox 637 2244 734 2297; x_wconf 85' lang='lat' dir='ltr'><strong>militis</strong></span> <span class='ocrx_word' id='word_1_191' title='bbox 748 2256 801 2296; x_wconf 84' lang='lat' dir='ltr'><strong>utu</strong></span> 
     </span>
     <span class='ocr_line' id='line_1_30' title="bbox 100 2314 701 2396; baseline -0.002 -29"><span class='ocrx_word' id='word_1_192' title='bbox 100 2314 195 2367; x_wconf 85' lang='lat' dir='ltr'><strong>Mollia</strong></span> <span class='ocrx_word' id='word_1_193' title='bbox 209 2332 326 2367; x_wconf 88' lang='lat' dir='ltr'><strong>securae</strong></span> <span class='ocrx_word' id='word_1_194' title='bbox 338 2316 511 2396; x_wconf 73' lang='lat' dir='ltr'><strong>paragebant</strong></span> <span class='ocrx_word' id='word_1_195' title='bbox 525 2315 582 2366; x_wconf 87' lang='lat' dir='ltr'><strong>otia</strong></span> <span class='ocrx_word' id='word_1_196' title='bbox 595 2323 701 2385; x_wconf 78' lang='lat' dir='ltr'><strong>gentes.</strong></span> 
     </span>
     <span class='ocr_line' id='line_1_31' title="bbox 99 2378 877 2454; baseline -0.005 -18"><span class='ocrx_word' id='word_1_197' title='bbox 99 2387 285 2454; x_wconf 82' lang='lat' dir='ltr'><strong>ipsaqnoque</strong></span> <span class='ocrx_word' id='word_1_198' title='bbox 298 2384 438 2444; x_wconf 75' lang='lat' dir='ltr'><strong>immunis,</strong></span> <span class='ocrx_word' id='word_1_199' title='bbox 453 2383 600 2454; x_wconf 82' lang='lat' dir='ltr'><strong>rastroque</strong></span> <span class='ocrx_word' id='word_1_200' title='bbox 612 2383 726 2446; x_wconf 87' lang='lat' dir='ltr'><strong>intacta,</strong></span> <span class='ocrx_word' id='word_1_201' title='bbox 742 2397 796 2433; x_wconf 91' lang='lat' dir='ltr'><strong>nec</strong></span> <span class='ocrx_word' id='word_1_202' title='bbox 811 2378 877 2433; x_wconf 79' lang='lat' dir='ltr'><strong>ullis</strong></span> 
     </span>
     <span class='ocr_line' id='line_1_32' title="bbox 99 2449 803 2522; baseline -0.001 -17"><span class='ocrx_word' id='word_1_203' title='bbox 99 2455 200 2507; x_wconf 79' lang='lat' dir='ltr'><strong>Saucia</strong></span> <span class='ocrx_word' id='word_1_204' title='bbox 211 2454 380 2518; x_wconf 84' lang='lat' dir='ltr'><strong>vomeribus,</strong></span> <span class='ocrx_word' id='word_1_205' title='bbox 394 2470 446 2522; x_wconf 86' lang='lat' dir='ltr'><strong>per</strong></span> <span class='ocrx_word' id='word_1_206' title='bbox 456 2471 486 2506; x_wconf 84' lang='lat' dir='ltr'><strong>se</strong></span> <span class='ocrx_word' id='word_1_207' title='bbox 499 2453 586 2506; x_wconf 89' lang='lat' dir='ltr'><strong>dabat</strong></span> <span class='ocrx_word' id='word_1_208' title='bbox 599 2453 694 2506; x_wconf 88' lang='lat' dir='ltr'><strong>omnia</strong></span> <span class='ocrx_word' id='word_1_209' title='bbox 705 2449 803 2504; x_wconf 87' lang='lat' dir='ltr'><strong>tellus:</strong></span> 
     </span>
     <span class='ocr_line' id='line_1_33' title="bbox 100 2521 744 2593; baseline -0.009 -18"><span class='ocrx_word' id='word_1_210' title='bbox 100 2523 283 2592; x_wconf 85' lang='lat' dir='ltr'><strong>Contentique</strong></span> <span class='ocrx_word' id='word_1_211' title='bbox 297 2523 375 2588; x_wconf 84' lang='lat' dir='ltr'><strong>cibis,</strong></span> <span class='ocrx_word' id='word_1_212' title='bbox 393 2523 470 2575; x_wconf 78' lang='lat' dir='ltr'><strong>nidlo</strong></span> <span class='ocrx_word' id='word_1_213' title='bbox 485 2532 613 2593; x_wconf 79' lang='lat' dir='ltr'><strong>cogente,</strong></span> <span class='ocrx_word' id='word_1_214' title='bbox 632 2521 744 2585; x_wconf 87' lang='lat' dir='ltr'><strong>creatis,</strong></span> 
     </span>
     <span class='ocr_line' id='line_1_34' title="bbox 99 2588 800 2661; baseline -0.006 -18"><span class='ocrx_word' id='word_1_215' title='bbox 99 2593 236 2645; x_wconf 81' lang='lat' dir='ltr'><strong>Arbuteos</strong></span> <span class='ocrx_word' id='word_1_216' title='bbox 248 2592 352 2656; x_wconf 88' lang='lat' dir='ltr'><strong>foetus,</strong></span> <span class='ocrx_word' id='word_1_217' title='bbox 368 2601 557 2661; x_wconf 85' lang='lat' dir='ltr'><strong>montanaque</strong></span> <span class='ocrx_word' id='word_1_218' title='bbox 568 2591 650 2661; x_wconf 82' lang='lat' dir='ltr'><strong>fraga</strong></span> <span class='ocrx_word' id='word_1_219' title='bbox 659 2588 800 2660; x_wconf 77' lang='lat' dir='ltr'><strong>legebant,</strong></span> 
     </span>
     <span class='ocr_line' id='line_1_35' title="bbox 100 2656 817 2730; baseline -0.007 -19"><span class='ocrx_word' id='word_1_220' title='bbox 100 2662 262 2730; x_wconf 85' lang='lat' dir='ltr'><strong>Cornaque,</strong></span> <span class='ocrx_word' id='word_1_221' title='bbox 281 2669 310 2713; x_wconf 93' lang='lat' dir='ltr'><strong>et</strong></span> <span class='ocrx_word' id='word_1_222' title='bbox 323 2662 353 2712; x_wconf 85' lang='lat' dir='ltr'><strong>in</strong></span> <span class='ocrx_word' id='word_1_223' title='bbox 367 2661 442 2713; x_wconf 87' lang='lat' dir='ltr'><strong>duria</strong></span> <span class='ocrx_word' id='word_1_224' title='bbox 454 2661 598 2713; x_wconf 85' lang='lat' dir='ltr'><strong>haerentia</strong></span> <span class='ocrx_word' id='word_1_225' title='bbox 642 2676 692 2711; x_wconf 90' lang='lat' dir='ltr'><strong>ora</strong></span> <span class='ocrx_word' id='word_1_226' title='bbox 701 2656 817 2720; x_wconf 86' lang='lat' dir='ltr'><strong>rubetis,</strong></span> 
     </span>
     <span class='ocr_line' id='line_1_36' title="bbox 99 2725 839 2800; baseline -0.003 -19"><span class='ocrx_word' id='word_1_227' title='bbox 99 2732 132 2781; x_wconf 85' lang='lat' dir='ltr'><strong>Et</strong></span> <span class='ocrx_word' id='word_1_228' title='bbox 143 2748 216 2800; x_wconf 88' lang='lat' dir='ltr'><strong>quae</strong></span> <span class='ocrx_word' id='word_1_229' title='bbox 231 2729 396 2784; x_wconf 87' lang='lat' dir='ltr'><strong>deciderant</strong></span> <span class='ocrx_word' id='word_1_230' title='bbox 409 2730 504 2799; x_wconf 86' lang='lat' dir='ltr'><strong>patula</strong></span> <span class='ocrx_word' id='word_1_231' title='bbox 518 2731 588 2782; x_wconf 81' lang='lat' dir='ltr'><strong>lovis</strong></span> <span class='ocrx_word' id='word_1_232' title='bbox 600 2747 616 2781; x_wconf 90' lang='lat' dir='ltr'><strong>a</strong></span> <span class='ocrx_word' id='word_1_233' title='bbox 652 2744 702 2780; x_wconf 86' lang='lat' dir='ltr'><strong>ore</strong></span> <span class='ocrx_word' id='word_1_234' title='bbox 715 2725 839 2797; x_wconf 80' lang='lat' dir='ltr'><strong>glandes.</strong></span> 
     </span>
     <span class='ocr_line' id='line_1_37' title="bbox 99 2793 833 2869; baseline -0.007 -18"><span class='ocrx_word' id='word_1_235' title='bbox 99 2801 154 2851; x_wconf 84' lang='lat' dir='ltr'><strong>Ver</strong></span> <span class='ocrx_word' id='word_1_236' title='bbox 167 2808 229 2851; x_wconf 82' lang='lat' dir='ltr'><strong>erat</strong></span> <span class='ocrx_word' id='word_1_237' title='bbox 241 2808 396 2866; x_wconf 84' lang='lat' dir='ltr'><strong>aeternum,</strong></span> <span class='ocrx_word' id='word_1_238' title='bbox 414 2799 574 2869; x_wconf 86' lang='lat' dir='ltr'><strong>placidique</strong></span> <span class='ocrx_word' id='word_1_239' title='bbox 586 2796 744 2868; x_wconf 85' lang='lat' dir='ltr'><strong>tepentibus</strong></span> <span class='ocrx_word' id='word_1_240' title='bbox 758 2793 833 2847; x_wconf 87' lang='lat' dir='ltr'><strong>auris</strong></span> 
     </span>
     <span class='ocr_line' id='line_1_38' title="bbox 99 2867 841 2938; baseline 0.001 -17"><span class='ocrx_word' id='word_1_241' title='bbox 99 2869 260 2922; x_wconf 88' lang='lat' dir='ltr'><strong>Mulcebant</strong></span> <span class='ocrx_word' id='word_1_242' title='bbox 271 2868 388 2938; x_wconf 80' lang='lat' dir='ltr'><strong>Zephyri</strong></span> <span class='ocrx_word' id='word_1_243' title='bbox 398 2877 478 2921; x_wconf 84' lang='lat' dir='ltr'><strong>natos</strong></span> <span class='ocrx_word' id='word_1_244' title='bbox 485 2869 545 2921; x_wconf 87' lang='lat' dir='ltr'><strong>sine</strong></span> <span class='ocrx_word' id='word_1_245' title='bbox 557 2869 664 2920; x_wconf 86' lang='lat' dir='ltr'><strong>semine</strong></span> <span class='ocrx_word' id='word_1_246' title='bbox 675 2867 770 2922; x_wconf 77' lang='lat' dir='ltr'><strong>floret.</strong></span> <span class='ocrx_word' id='word_1_247' title='bbox 839 2870 841 2873; x_wconf 77' lang='grc'><strong>’</strong></span> 
     </span>
     <span class='ocr_line' id='line_1_39' title="bbox 99 2936 732 3014; baseline -0.003 -25"><span class='ocrx_word' id='word_1_248' title='bbox 99 2940 162 2990; x_wconf 84' lang='lat' dir='ltr'><strong>Mox</strong></span> <span class='ocrx_word' id='word_1_249' title='bbox 175 2938 264 2991; x_wconf 89' lang='lat' dir='ltr'><strong>etiam</strong></span> <span class='ocrx_word' id='word_1_250' title='bbox 278 2937 375 3012; x_wconf 73' lang='lat' dir='ltr'><strong>fruges</strong></span> <span class='ocrx_word' id='word_1_251' title='bbox 389 2937 471 2990; x_wconf 84' lang='lat' dir='ltr'><strong>tellus</strong></span> <span class='ocrx_word' id='word_1_252' title='bbox 483 2938 592 2990; x_wconf 87' lang='lat' dir='ltr'><strong>inarata</strong></span> <span class='ocrx_word' id='word_1_253' title='bbox 608 2936 732 3014; x_wconf 70' lang='lat' dir='ltr'><strong>ferebat:</strong></span> 
     </span>
     <span class='ocr_line' id='line_1_40' title="bbox 100 3002 784 3077; baseline -0.004 -18"><span class='ocrx_word' id='word_1_254' title='bbox 100 3009 156 3061; x_wconf 87' lang='lat' dir='ltr'><strong>Nec</strong></span> <span class='ocrx_word' id='word_1_255' title='bbox 170 3017 321 3060; x_wconf 80' lang='lat' dir='ltr'><strong>renovatus</strong></span> <span class='ocrx_word' id='word_1_256' title='bbox 334 3022 402 3076; x_wconf 87' lang='lat' dir='ltr'><strong>ager</strong></span> <span class='ocrx_word' id='word_1_257' title='bbox 417 3007 537 3077; x_wconf 78' lang='lat' dir='ltr'><strong>gravidis</strong></span> <span class='ocrx_word' id='word_1_258' title='bbox 552 3008 671 3059; x_wconf 86' lang='lat' dir='ltr'><strong>canebat</strong></span> <span class='ocrx_word' id='word_1_259' title='bbox 684 3002 784 3056; x_wconf 81' lang='lat' dir='ltr'><strong>aristis.</strong></span> 
     </span>
     <span class='ocr_line' id='line_1_41' title="bbox 99 3072 844 3141; baseline -0.005 -14"><span class='ocrx_word' id='word_1_260' title='bbox 99 3077 228 3130; x_wconf 82' lang='lat' dir='ltr'><strong>Flumina</strong></span> <span class='ocrx_word' id='word_1_261' title='bbox 241 3077 298 3128; x_wconf 88' lang='lat' dir='ltr'><strong>iam</strong></span> <span class='ocrx_word' id='word_1_262' title='bbox 312 3075 401 3140; x_wconf 85' lang='lat' dir='ltr'><strong>lactis,</strong></span> <span class='ocrx_word' id='word_1_263' title='bbox 416 3077 473 3141; x_wconf 87' lang='lat' dir='ltr'><strong>jam</strong></span> <span class='ocrx_word' id='word_1_264' title='bbox 484 3077 601 3128; x_wconf 85' lang='lat' dir='ltr'><strong>flumina</strong></span> <span class='ocrx_word' id='word_1_265' title='bbox 613 3074 736 3128; x_wconf 86' lang='lat' dir='ltr'><strong>nectaria</strong></span> <span class='ocrx_word' id='word_1_266' title='bbox 750 3072 844 3124; x_wconf 82' lang='lat' dir='ltr'><strong>ibant:</strong></span> 
     </span>
     <span class='ocr_line' id='line_1_42' title="bbox 100 3144 720 3215; baseline 0 -18"><span class='ocrx_word' id='word_1_267' title='bbox 100 3146 238 3215; x_wconf 81' lang='lat' dir='ltr'><strong>Flavaque</strong></span> <span class='ocrx_word' id='word_1_268' title='bbox 251 3146 286 3198; x_wconf 92' lang='lat' dir='ltr'><strong>de</strong></span> <span class='ocrx_word' id='word_1_269' title='bbox 297 3145 380 3196; x_wconf 83' lang='lat' dir='ltr'><strong>viridi</strong></span> <span class='ocrx_word' id='word_1_270' title='bbox 393 3145 536 3197; x_wconf 88' lang='lat' dir='ltr'><strong>stillabant</strong></span> <span class='ocrx_word' id='word_1_271' title='bbox 546 3145 611 3198; x_wconf 89' lang='lat' dir='ltr'><strong>ilice</strong></span> <span class='ocrx_word' id='word_1_272' title='bbox 626 3144 720 3197; x_wconf 86' lang='lat' dir='ltr'><strong>mella.</strong></span> 
     </span>
     <span class='ocr_line' id='line_1_43' title="bbox 131 3207 872 3285; baseline -0.009 -19"><span class='ocrx_word' id='word_1_273' title='bbox 131 3218 293 3285; x_wconf 87' lang='lat' dir='ltr'><strong>Postquam,</strong></span> <span class='ocrx_word' id='word_1_274' title='bbox 311 3218 428 3265; x_wconf 85' lang='lat' dir='ltr'><strong>Saturno</strong></span> <span class='ocrx_word' id='word_1_275' title='bbox 442 3215 589 3266; x_wconf 87' lang='lat' dir='ltr'><strong>tenebrosa</strong></span> <span class='ocrx_word' id='word_1_276' title='bbox 604 3212 633 3265; x_wconf 90' lang='lat' dir='ltr'><strong>in</strong></span> <span class='ocrx_word' id='word_1_277' title='bbox 645 3216 763 3264; x_wconf 88' lang='lat' dir='ltr'><strong>Tartara</strong></span> <span class='ocrx_word' id='word_1_278' title='bbox 779 3207 872 3274; x_wconf 88' lang='lat' dir='ltr'><strong>misso,</strong></span> 
     </span>
     <span class='ocr_line' id='line_1_44' title="bbox 101 3278 827 3352; baseline -0.006 -18"><span class='ocrx_word' id='word_1_279' title='bbox 101 3285 154 3336; x_wconf 85' lang='lat' dir='ltr'><strong>Sub</strong></span> <span class='ocrx_word' id='word_1_280' title='bbox 166 3289 232 3338; x_wconf 88' lang='lat' dir='ltr'><strong>love</strong></span> <span class='ocrx_word' id='word_1_281' title='bbox 248 3282 372 3336; x_wconf 83' lang='lat' dir='ltr'><strong>mundus</strong></span> <span class='ocrx_word' id='word_1_282' title='bbox 385 3292 461 3345; x_wconf 82' lang='lat' dir='ltr'><strong>erat;</strong></span> <span class='ocrx_word' id='word_1_283' title='bbox 477 3283 711 3352; x_wconf 74' lang='lat' dir='ltr'><strong>suhiinargentea</strong></span> <span class='ocrx_word' id='word_1_284' title='bbox 724 3278 827 3351; x_wconf 81' lang='lat' dir='ltr'><strong>proles,</strong></span> 
     </span>
     <span class='ocr_line' id='line_1_45' title="bbox 102 3351 665 3422; baseline 0.002 -17"><span class='ocrx_word' id='word_1_285' title='bbox 102 3356 172 3406; x_wconf 73' lang='lat' dir='ltr'><strong>Auro</strong></span> <span class='ocrx_word' id='word_1_286' title='bbox 186 3353 322 3421; x_wconf 82' lang='lat' dir='ltr'><strong>deterior,</strong></span> <span class='ocrx_word' id='word_1_287' title='bbox 337 3351 416 3405; x_wconf 70' lang='lat' dir='ltr'><strong>sulm</strong></span> <span class='ocrx_word' id='word_1_288' title='bbox 430 3351 577 3422; x_wconf 82' lang='lat' dir='ltr'><strong>pretiosior</strong></span> <span class='ocrx_word' id='word_1_289' title='bbox 591 3367 665 3406; x_wconf 81' lang='lat' dir='ltr'><strong>aare.</strong></span> 
     </span>
    </p>
   </div>
   <div class='ocr_carea' id='block_1_5' title="bbox 0 0 1180 3834">
    <p class='ocr_par' dir='ltr' id='par_1_6' title="bbox 0 0 1180 3834">
     <span class='ocr_line' id='line_1_46' title="bbox 0 0 1180 3834; baseline 0 0"><span class='ocrx_word' id='word_1_290' title='bbox 0 0 1180 3834; x_wconf 95' lang='lat' dir='ltr'><strong> </strong></span> 
     </span>
    </p>
   </div>
  </div>
 </body>
</html>
