2350 3834
122 181 166 273 ⁸2.
259 248 263 261 Χ
297 222 300 228 .
393 181 820 238 uov1n11nasou1s
848 167 851 175 ’

122 329 175 386 160
191 327 320 398 Applicat
330 326 398 380 hino
410 325 542 380 humeros
558 326 595 379 ad
610 343 729 396 magnae
745 343 811 380 saxa
824 327 988 381 columnae:

191 401 319 467 Tutaque
333 406 415 466 terga
426 413 541 466 gerens,
559 396 731 465 adversaque
744 398 773 448 in
786 397 898 467 agmina
907 410 1014 468 versus,

190 468 312 519 Sustinet
325 466 468 518 instantes.
502 467 647 517 instabant
661 475 741 535 parte
752 466 866 528 sinistra

170 534 172 541 “
192 536 331 588 Chaonius
341 535 482 602 ,Molpeus,
498 535 598 603 ¹dentre
611 536 767 586 Nabataeus
783 535 930 592 Ethemon.
997 558 999 561 ’

119 630 122 643 .
188 605 279 676 Tigris
292 614 337 671 ut,
356 604 456 656 auditis
472 603 580 657 diversa
594 604 667 656 valle
680 605 801 656 duorum

122 675 172 730 165
189 673 371 726 Exstimulata
382 675 459 725 fame
472 673 624 743 mugitibus
638 674 842 740 armentorum,
863 724 870 738 ,

189 745 299 807 Nescit,
318 751 381 794 utro
394 742 489 811 potius
502 752 581 809 ruat,
601 753 630 795 et
640 760 724 795 ruere
733 743 823 795 ardet
831 751 968 814 utroque,

189 813 235 864 Sic
249 813 347 877 dubius
360 814 488 876 Perseus,
509 811 606 863 dextra
620 812 736 864 laevane
749 813 868 880 feratur,

183 880 302 951 Molpea
314 881 425 933 traiecti
438 881 579 933 submovit
590 882 706 933 vulnere
721 882 821 945 cruris,

161 992 166 999 .
191 950 398 1020 contentusque
410 951 478 1021 fuga
490 960 544 1002 est:
562 968 655 1019 neque
667 951 742 1002 enim
754 950 802 1001 dat
809 960 920 1019 tempus
927 950 1086 1018 Ethemoaa3

122 1020 173 1076 170
190 1020 245 1072 Sed
257 1020 341 1084 furit,
360 1028 402 1084 et,
419 1019 532 1087 cupiens
547 1020 605 1071 alto
620 1020 686 1071 dare
701 1020 816 1071 vulnera
831 1020 934 1088 collo,-

188 1092 253 1144 Non
268 1090 478 1157 circumspectis
492 1098 621 1140 exactum
633 1089 738 1141 viribus
752 1106 848 1141 ensem

188 1159 298 1228 Fregit:
318 1166 345 1209 et
357 1167 481 1211 extrema
496 1175 644 1227 percussae
656 1168 735 1227 parte
749 1158 896 1211 columnae

187 1229 304 1281 Lamina
317 1226 447 1291 dissiluit,
467 1227 629 1296 dominique
640 1227 670 1278 in
683 1237 796 1308 gutture
813 1228 868 1280 fixa
880 1235 932 1283 est·

127 1340 130 1345 .
189 1300 253 1351 Non
265 1306 361 1348 tamen
376 1296 411 1348 ad
425 1295 514 1347 latum
527 1313 626 1348 causas
639 1305 705 1349 satis
720 1297 769 1348 illa
781 1296 905 1349 valentes

121 1367 170 1422 175
188 1366 273 1435 Plaga
288 1364 372 1417 dedit.
408 1364 558 1434 Trepidam
570 1367 699 1431 Perseus,
718 1375 745 1418 et
762 1366 882 1418 inermia
895 1365 1002 1422 flustra

187 1434 304 1488 Brachia
315 1433 478 1486 tendentem
493 1434 633 1503 Cyllenide
647 1434 775 1487 confodit
785 1435 883 1504 harpe.

189 1510 295 1559 Verum
306 1504 356 1555 ubi
367 1503 500 1555 virtutem
515 1505 616 1556 turbae
630 1505 814 1556 succumbere
829 1505 908 1572 vidit,

187 1573 342 1635 Auxilium,
360 1574 490 1637 Perseus,
509 1573 643 1644 quoniam
657 1574 698 1625 sic
713 1573 812 1642 cogitis
824 1573 886 1641 ipsi,

123 1704 125 1708 Α
187 1641 277 1705 Dixit,
295 1641 329 1692 ab
343 1641 424 1693 hoste
438 1650 541 1710 petam.
578 1643 676 1694 Vultus
694 1643 810 1694 avertite
822 1652 940 1711 vestros,

121 1710 172 1766 180
189 1711 217 1763 si
229 1710 290 1780 quis
302 1711 407 1763 amicus
426 1711 518 1764 adest:
538 1721 565 1763 et
578 1713 717 1782 Gorgonis
732 1712 829 1764 extulit
845 1729 904 1765 ora

190 1784 300 1843 Quaere
312 1779 415 1845 alium,
431 1789 481 1832 tua
494 1798 577 1850 quern
590 1790 722 1833 moveant
739 1781 890 1844 miracula,
909 1780 978 1833 dixit

187 1848 353 1902 Thescelus:
370 1858 456 1918 utque
470 1867 556 1902 manu
567 1850 690 1903 iaculum
703 1850 789 1903 fatale
802 1850 919 1918 parabat

188 1919 318 1984 Mittere,
335 1918 365 1968 in
378 1918 432 1970 hoc
447 1919 536 1970 ha'esit
546 1920 657 2000 signum
673 1920 707 1972 de
724 1935 865 1971 marmore
878 1927 967 1988 gestu.

187 1987 330 2040 Proximus
344 1987 410 2039 huic
422 1992 527 2056 Ampyx
541 1989 626 2040 animi
640 1989 800 2057 plenissima
812 1988 908 2056 magni

121 2056 170 2113 185
188 2060 305 2109 Pectora
317 2057 455 2124 Lyncidae
467 2057 561 2127 gladio
575 2059 670 2126 petit:
680 2057 765 2129 inque
777 2057 898 2127 petendo
965 2117 967 2121 Ι
995 2084 997 2089 ·

187 2129 306 2178 Dextera
321 2126 447 2195 diriguit,
466 2144 519 2178 nec
534 2127 603 2193 citra
617 2136 710 2191 mota,
727 2144 781 2181 nec
794 2126 879 2178 ultra.

186 2199 223 2247 At
235 2194 346 2259 Nileus,
366 2195 413 2263 qui
428 2211 456 2246 se
470 2197 598 2263 genitum
611 2195 792 2264 septemplice
806 2195 870 2247 Nilo

187 2263 341 2316 Ementitus
357 2273 431 2330 erat,
451 2264 539 2333 clipeo
555 2282 667 2334 quoque
685 2265 802 2316 flumina
815 2272 924 2334 septem

188 2339 310 2403 Argenta
321 2331 442 2401 partim,
458 2333 571 2401 ‘partim
583 2335 741 2386 caelaverat
755 2350 833 2400 auro,

120 2401 171 2456 190
187 2402 320 2471 Adspice,
338 2401 392 2468 ait,
411 2404 525 2468 Persen,
543 2412 656 2455 nostrae
668 2403 822 2473 primordia
835 2400 940 2472 gentis:

187 2475 289 2542 Magna
302 2469 376 2522 feres
388 2470 484 2523 tacitas
498 2471 598 2524 solatia
611 2474 710 2524 mortis
724 2472 761 2523 ad
772 2472 896 2538 umbras,
910 2498 913 2507 ·

186 2545 211 2592 A
221 2548 299 2592 tanto
315 2539 447 2592 cecidisse
464 2541 533 2594 viro.
571 2544 637 2594 Pars
650 2541 750 2594 ultima
760 2541 836 2593 vocis
868 2564 872 2575 ·

188 2613 220 2661 ln
234 2608 328 2661 memo
341 2627 486 2678 suppressa
500 2621 638 2663 sonoest:
656 2612 844 2679 adapertaque
858 2609 933 2663 velle

189 2682 243 2730 Ora
257 2678 336 2747 loqui
351 2679 464 2745 credas,
482 2697 536 2733 nec
549 2690 613 2732 sunt
628 2697 660 2732 ea
673 2681 768 2749 pervia
781 2679 882 2732 verbis.

120 2743 392 2816 1951ncrepath0s,
412 2748 659 2818 Vitioqueanimi,
678 2767 736 2801 non
754 2748 892 2814 crinibus,
909 2746 1012 2817 inquit,

189 2816 344 2886 Gorgoneis
358 2817 489 2886 torpetis,
509 2822 595 2887 Eryx:
612 2819 747 2871 incurrite
759 2834 888 2882 mecum3

186 2887 221 2937 Et
232 2886 400 2953 prosternite
413 2886 493 2938 humi
506 2888 635 2940 iuvenem
651 2889 852 2957 magicaarma
864 2893 1037 2940 moventem.

187 2958 351 3007 Incursurus
365 2965 438 3018 erat;
456 2957 548 3008 tenuit
559 2957 679 3027 vestigia
692 2957 791 3008 tellus:

187 3027 376 3093 lmnrotusque
389 3025 472 3090 siler,
492 3035 656 3095 armataque
674 3027 776 3077 mansit
792 3025 896 3094 imago.

119 3093 171 3148 200
187 3093 221 3144 lli
234 3101 329 3144 tamen
343 3111 375 3146 ex
388 3095 489 3146 merito
503 3113 607 3164 poenas
621 3095 744 3147 subiere:
762 3095 895 3146 sedunus

188 3161 267 3214 Miles
280 3171 339 3214 erat
352 3164 458 3227 Persei,
477 3178 596 3235 proquo
611 3164 678 3216 dum
690 3172 812 3234 pugnat,
830 3168 977 3228 Aconteus,
1032 3201 1035 3205 .

189 3233 320 3300 G'orgone
335 3242 484 3300 conspecta
498 3251 562 3286 saxo
580 3232 850 3286 concrevitcborto.

188 3302 278 3364 Quem
288 3309 366 3353 ratus
381 3306 513 3374 Astyages
527 3304 681 3359 etiamnum
695 3303 804 3370 vivere,
822 3300 909 3368 longo
