2350 3834
151 203 219 283 tte
404 184 866 274 rssovronnasoms
940 212 942 215 ·

222 362 314 418 Tarda
330 362 427 416 futura
442 361 495 417 tibi
513 371 568 431 est,
588 363 743 434 gestamina
758 370 839 415 tanta
854 360 986 418 trahenti.
1045 352 1048 357 ’
1077 354 1094 363 ”

222 434 310 500 Adde,
330 433 407 504 quod
423 433 477 484 iste
493 441 565 498 tuus,
584 443 645 485 tam
662 452 727 487 raro
746 434 854 502 proelia
871 450 977 501 passus,

222 506 335 574 Integer
353 511 393 554 est
410 502 534 571 clipeus:
552 511 659 564 nostro,
679 504 727 574 qui
744 503 801 555 tela
821 500 944 554 ferendo⁸⁴

223 572 299 624 Mille
319 580 396 640 patet
413 571 512 652 plagis,
529 588 617 624 novus
636 581 678 624 est
694 588 839 624 successor
851 569 1005 623 habendus.

109 700 114 707 ί
155 645 206 699 120
223 641 358 711 Denique,
378 641 444 710 quid
461 641 551 693 verbis
570 658 638 709 opus
657 643 717 693 est?
735 649 896 710 spectemur
913 639 1038 712 agendo;

222 715 308 765 Arma
324 709 378 761 viri
395 709 476 762 fartis
494 710 602 761 medios
619 711 765 767 mittantur
782 711 811 761 in
829 711 938 761 hostes:

222 780 290 833 Inda
306 780 400 832 iubete
417 779 483 847 pati,
502 788 531 831 et
546 779 719 832 referentem
738 788 836 831 ornate
852 779 958 832 relatis.

254 849 376 901 Finierat
392 849 545 901 Telamone
562 858 646 914 satus,
662 849 796 918 vulgique
813 857 944 900 secutum

202 976 205 981 ,
221 918 328 970 Ultima
343 935 472 970 murmur
491 926 562 980 erat3
581 919 673 970 donec
689 918 816 969 Laertius
834 917 917 969 heros

156 989 204 1045 125
221 988 342 1052 Adstitit,
361 997 445 1057 atque
464 987 559 1038 oculos
575 987 692 1056 paulum
709 987 812 1050 tellure,
824 995 949 1038 moratos

223 1057 338 1109 Sustulit
355 1054 390 1109 ad
408 1073 553 1125 proceres,
572 1052 789 1125 exspectatoque
805 1055 921 1107 resolvit
1024 1116 1027 1119 ι

156 1148 158 1153 ·
222 1131 278 1178 Ora
295 1143 378 1178 sono:
399 1142 490 1194 aeque
507 1126 586 1177 abest
603 1126 731 1182 facundis
749 1126 840 1195 gratia
858 1122 949 1177 dictis.

220 1195 250 1246 si
267 1213 331 1248 mea
349 1211 414 1248 cum
431 1195 530 1246 vestris
547 1194 699 1247 valuissent
715 1192 798 1260 vota,
816 1193 939 1263 Pelasgi3

221 1266 284 1316 Non
301 1264 377 1317 foret
393 1264 541 1334 ambiguus
558 1264 631 1315 tanti
649 1264 809 1315 certaminis
827 1260 918 1325 heres,

152 1332 205 1394 180
221 1335 320 1403 Tuque
337 1333 391 1384 tuis
408 1334 509 1398 armis,
528 1349 578 1384 nos
592 1341 624 1383 te
642 1340 814 1401 poteremur,
831 1330 947 1383 Achille.

171 1407 173 1411 ’
222 1401 464 1471 Quem'quoniam
484 1415 542 1453 non
560 1418 650 1470 aequa
667 1402 736 1452 mihi
752 1402 888 1470 vobisque
903 1403 1042 1469 negaremt
1059 1426 1063 1435 ·

219 1473 295 1539 Fata,
314 1471 467 1539 (nranuque
484 1470 568 1521 simul
585 1470 672 1521 veluti
688 1471 865 1523 lacrimantia
882 1472 964 1522 tersit

170 1582 187 1608 „
219 1540 358 1607 Lumina)
376 1540 437 1608 quis
455 1556 558 1610 magno
576 1539 677 1590 melius
694 1540 828 1592 succedat
845 1538 957 1602 Achilli,
1007 1568 1009 1573 ,

221 1613 313 1672 Quam
330 1626 381 1678 per
398 1625 483 1678 quem
501 1626 618 1679 magnus
636 1611 736 1661 Danais
747 1609 879 1660 successit
896 1603 1036 1659 Achilles?

152 1683 203 1739 135
221 1682 293 1730 Huic
307 1678 392 1730 modo
407 1696 443 1730 ne
458 1679 555 1746 prosit,
574 1678 659 1747 quod,
677 1688 711 1730 ut
724 1687 776 1745 est,
796 1677 881 1729 hebes
901 1693 961 1728 esse
981 1674 1099 1733 videtur;

179 1770 182 1777 ¹
220 1750 296 1800 Neve
307 1748 376 1800 mihi
388 1755 503 1812 noceat,
523 1748 599 1817 quod
617 1747 696 1799 robis
713 1764 838 1816 semper,
863 1745 973 1811 Achivi,

218 1817 328 1881 Profuit
344 1816 503 1887 ingenium:
521 1832 641 1886 meaque
658 1817 728 1868 haec
754 1815 902 1878 facundia,
927 1814 950 1865 si
973 1829 1028 1882 qua
1051 1816 1099 1874 est,

169 1941 176 1957 Ἰ
221 1890 297 1950 Quae
315 1890 391 1938 nunc
408 1902 461 1954 pro
480 1885 605 1953 domino,
623 1901 675 1954 pro
692 1886 770 1937 vohis
790 1902 872 1953 saepe
888 1884 986 1936 lacerta
998 1890 1046 1948 est,

218 1955 324 2008 Invidia
343 1963 446 2008 careat:
465 1954 539 2007 bona
553 1955 607 2007 nec
625 1971 674 2006 sua
692 1957 808 2025 quisque
825 1962 944 2006 recuset.

151 2028 202 2086 140
219 2017 292 2076 Nam
310 2040 405 2096 genus,
421 2033 449 2076 et
465 2040 599 2092 proavos,
619 2033 647 2076 et
667 2040 740 2092 quae
756 2042 812 2075 non
831 2023 950 2074 fecimus
973 2020 1038 2089 ipsi,

217 2095 269 2145 Vix
287 2111 320 2146 ea
337 2103 432 2146 nostra
449 2110 531 2146 voco.
567 2093 620 2145 Sed
638 2096 728 2158 enim,
746 2094 813 2162 quia
835 2092 935 2144 retulit
958 2091 1025 2141 Aiax
1060 2103 1069 2109 ·

217 2165 282 2215 Esse
298 2163 369 2215 Iovis
385 2172 542 2231 pronepos,
559 2163 649 2214 nostri
667 2179 780 2231 quoque
803 2160 945 2231 sanguinis
972 2167 1066 2210 auctor
1090 2158 1094 2165 '

171 2292 174 2299 ,
217 2232 324 2300 iupiter
342 2240 399 2294 est,
417 2231 592 2300 totidemque
609 2232 712 2302 gradus
732 2232 864 2282 distamus
888 2231 923 2283 ab
947 2229 1008 2282 illo.

218 2303 291 2354 Nam
308 2301 377 2352 mihi
394 2303 507 2351 La'c'rtes
524 2310 607 2369 pater
625 2310 673 2363 est,
693 2301 819 2352 Arcesius
836 2299 888 2361 illi,

151 2370 200 2432 145
218 2373 323 2439 Iupiter
339 2370 420 2421 huic:
437 2384 530 2439 neque
547 2369 576 2420 in
590 2370 632 2420 his
650 2370 797 2439 quisquam
811 2370 970 2431 damnatus,
982 2374 1011 2418 et
1022 2359 1096 2416 exsul.

217 2443 265 2502 Est
283 2455 394 2511 quoque
412 2449 464 2508 per
479 2448 601 2491 matrem
618 2439 757 2506 Cyllenius
774 2438 869 2490 additu
885 2436 967 2488 nohis

184 2572 188 2579 b
218 2509 314 2561 Altera
330 2509 471 2561 nobilitas.
495 2511 568 2561 Deus
586 2509 673 2560 estin
690 2517 811 2576 utroque
827 2515 953 2576 parente.

218 2578 273 2631 Sed
290 2596 325 2630 ne
367 2587 528 2630 ematerno
548 2579 623 2647 quod
642 2594 703 2628 sum
721 2579 883 2646 generosior
901 2583 978 2640 ortu,

216 2649 275 2698 Nec
293 2597 370 2714 milli,
388 2647 464 2716 quod
480 2656 561 2715 pater
578 2655 620 2698 est
637 2647 757 2698 fraterni
774 2645 914 2716 sanguinis
930 2643 1033 2717 insqns,

149 2718 360 2784 150'Proposita
379 2735 455 2768 arura
474 2725 555 2785 peto:
573 2717 680 2767 aneritis
698 2710 844 2784 expendite
861 2730 988 2782 causam,

215 2787 374 2838 Dummodo
394 2786 470 2854 quod
487 2785 588 2837 fratres
606 2785 750 2849 Telamon,
769 2784 921 2852 Peleusque
938 2783 1058 2833 fueruat.

217 2853 309 2906 Aiacis
326 2856 460 2906 meritum
477 2871 534 2905 non
552 2856 604 2905 sit:
623 2871 677 2906 nec
694 2853 834 2922 sanguinis
853 2852 933 2917 ordo,

187 2986 191 2993 s
215 2923 270 2974 Sed
287 2923 395 2974 virtutis
414 2923 503 2974 honos
520 2924 616 2991 spoliis
634 2932 785 2994 quaeratur
802 2923 832 2972 in
849 2922 916 2973 istis.

216 2997 270 3043 Aut
288 2992 311 3043 si
328 2991 507 3059 proximitas,
525 2994 690 3062 primusque
706 2992 860 3060 requiritur
874 2991 970 3057 lieres;

148 3060 198 3117 155
211 3065 262 3121 ,Est
280 3061 390 3132 genitor
404 3060 510 3119 Peleus,
528 3071 570 3112 est
586 3063 705 3128 Pyrrhus
721 3061 795 3112 filius
805 3060 864 3125 illi.

182 3140 184 3143 ’
214 3128 283 3192 Quis
303 3129 382 3181 locus
399 3128 491 3180 Aiaci?
510 3130 637 3180 Phthiam
654 3135 795 3198 Scyronve
812 3130 950 3181 ferantur.

181 3214 184 3219 ·
216 3200 275 3249 Nec
292 3198 383 3248 minus
402 3206 443 3249 est
461 3197 515 3249 isto
532 3202 641 3250 Teucer
658 3198 791 3267 patruelis
807 3198 917 3251 Achilli.

150 3319 155 3334 ,
215 3267 378 3334 Numpetit
394 3266 442 3317 ille
457 3273 562 3334 tamen,
579 3282 650 3318 num
667 3276 770 3336 sperat,
789 3276 821 3319 ut
838 3268 947 3319 auferat
965 3260 1059 3318 arma?
1084 3312 1085 3315 ,
1144 3298 1145 3301 =

215 3335 290 3404 Ergo
307 3350 425 3409 operum
442 3335 575 3404 quoniam
592 3337 701 3390 nudum
718 3345 861 3389 certamen
878 3337 1012 3400 hulsetum
