2350 3834
142 230 224 293 ἰιι
313 230 356 287 r
367 204 490 285 ovmu
514 225 670 286 nnsorus
690 226 836 283 nunant
856 227 935 284 ιιιι
947 228 997 285 ιι

227 378 277 444 Te,
293 376 361 444 Dea,
376 383 406 429 te
420 372 568 458 quondam,
585 382 689 457 tueque
693 367 798 428 haec
787 373 907 445 insignia
919 372 990 428 vidi

226 448 387 527 Gimctaque
401 445 529 526 cognovi,
546 445 727 525 comitesque,
743 443 886 526 facesque,
903 459 1057 524 sonumque

226 516 386 579 sistrorum,
410 514 584 583 memorique
597 514 689 566 auimo
703 521 752 566 tua
766 513 839 566 iussa
852 512 957 567 notavi.

191 583 309 647 Quod
318 583 395 636 videt
408 585 478 635 haec
490 583 593 648 lucem,
611 582 688 653 quod
698 600 757 635 non
770 599 830 663 ego
833 582 936 663 punior
946 582 1022 653 ipsa,

157 652 209 708 780
225 652 385 720 Consilium,
402 651 597 735 monitumque
609 661 691 704 tuum
710 660 759 705 est
793 650 924 705 Miserere
938 652 1063 718 duartuu,

224 722 413 803 Auxilioque
405 739 477 774 ruva.
512 721 658 774 Lacrimae
674 730 738 773 sunt
757 720 844 774 verbs
861 729 981 778 secutae.

225 792 290 844 Visa
310 790 362 842 dea
378 799 419 843 est
436 790 642 858 movissesuas,
661 799 839 858 emoverat,
856 807 933 843 mas:
994 835 999 840 .

223 862 259 912 Et
271 860 371 929 templi
380 869 519 912 tremuere
533 859 619 926 fores,
633 829 801 941 imitataque
813 829 922 913 L’unem

190 931 334 982 Cornua
347 928 495 996 fulsenmt,
519 898 683 999 crepuitque
694 929 819 981 sonabile
831 929 953 983 sistrum

42 1053 50 1064 ,
155 995 207 1052 785
224 1001 287 1052 Νοιι
299 1015 398 1051 secura
410 998 531 1070 quidem,
549 999 642 1051 fausto
655 1007 749 1051 tamen
764 997 858 1051 omine
873 998 949 1050 iseta

222 1071 313 1121 Mater
329 1068 388 1121 abit
407 1068 523 1138 templo.
547 1066 691 1150 Sequitur
704 1084 798 1120 eomes
813 1066 887 1136 Iphis
899 1075 1020 1147 euntem,

224 1141 338 1202 Quam
326 1137 408 1190 solita
422 1146 473 1202 est,
498 1137 606 1190 maiore
615 1136 717 1207 gradu·
742 1154 796 1189 nec
803 1135 935 1219 Μοιηάοι
925 1154 955 1187 ιιι
969 1151 1019 1188 ore

221 1209 371 1262 Permanet
416 1215 445 1258 et
454 1205 526 1259 vires
537 1214 687 1288 augentur:
714 1214 742 1258 et
753 1204 845 1258 aerior
856 1205 915 1273 ipse
929 1211 970 1258 est

222 1276 338 1330 Vultus:
363 1282 395 1328 et
402 1275 537 1328 inoomtis
549 1275 663 1329 brevior
674 1292 806 1328 mensura
821 1273 942 1343 capillis·-

153 1342 206 1399 ⁷90
221 1345 341 1425 Plusque
353 1360 457 1415 ugone
469 1344 556 1410 adest,
573 1345 717 1465 habuith
707 1343 898 1400 uamiemins.
933 1346 997 1403 Iam,
1013 1357 1082 1412 quae

221 1417 336 1466 Femma
342 1429 436 1495 nuper
450 1429 519 1477 eras,
536 1431 609 1481 puer
623 1430 660 1467 es.
688 1362 764 1466 qm
777 1429 896 1465 munera
908 1410 1033 1482 templis·

221 1480 385 1536 Nectimids
396 1481 517 1561 gaudete
529 1483 600 1536 fide·
632 1485 705 1534 Dant
713 1499 831 1536 munera
841 1431 985 1552 templis:P

220 1551 332 1604 Addunt
347 1558 376 1603 et
392 1549 520 1603 titulum:
543 1551 641 1605 titulus
654 1552 739 1605 breve
755 1568 872 1605 narnien
882 1551 1016 1605 habehat:

146 1621 150 1630 ¹
190 1628 304 1676 Dona
314 1623 491 1693 puersolvit,
509 1621 694 1695 qucefemina
710 1635 830 1685 voverat,
852 1623 940 1692 Iphis
1006 1685 1009 1690 1

151 1684 202 1741 795
219 1689 332 1744 Postera
344 1689 391 1741 lux
403 1687 487 1741 radiis
498 1691 590 1745 latum
602 1690 779 1773 patefecerat
789 1659 918 1764 qriiemt

220 1762 289 1811 eum
301 1757 404 1824 Venus,
429 1764 458 1809 et
471 1760 547 1825 Iuno,
565 1759 712 1830 sociosque
725 1761 898 1828 Hymenaeus
910 1755 965 1811 ad'
955 1772 1031 1843 ignea

220 1827 408 1882 Conveniunt:
423 1826 584 1903 potiturque
596 1845 646 1885 sus
662 1845 733 1900 puer
747 1828 821 1900 Iphis
831 1826 937 1891 Ianthe.
