2350 3834
955 158 969 183 0

130 227 173 292 52
390 230 422 285 r.
444 228 603 284 ov1u11
623 188 824 283 ursolus

114 360 120 375 ’
199 377 361 445 Cunctaque
372 373 507 441 miratur,
525 374 626 444 quihus
642 381 683 426 est
696 373 846 440 mirabilis3
864 374 923 444 ipse

130 443 183 500 425
201 449 235 497 Se
249 446 328 513 cupit
339 444 518 511 imprudens3
537 453 579 510 et,
598 444 647 513 qui
660 442 777 512 probet,
794 443 843 495 ille
857 444 1008 512 probatum

200 517 331 582 Dumque
343 513 429 582 petit,
447 514 565 582 petitur3
583 513 744 581 pariterque
755 512 893 581 incendit,
912 522 941 566 et
954 513 1044 568 ardet.

200 584 283 634 Irrita
296 582 392 634 fallaci
402 582 512 650 quoties
526 582 603 636 dedit
616 582 712 634 oscula
723 582 811 634 fonti!

200 654 233 703 ln
245 652 351 703 medius
364 653 489 720 quoties,
506 651 598 704 visum
613 651 755 720 captantia
771 651 886 715 collum,

202 721 320 773 Brachia
334 721 432 779 mersit
443 738 543 790 equas3
561 738 615 772 nec
626 737 656 772 se
668 719 816 788 deprendit
824 722 852 772 in
865 719 935 772 illis!

133 789 188 846 430
205 790 279 853 Quid
290 789 398 855 videat,
416 790 519 853 nescit;
537 790 599 854 sed,
619 789 696 858 quod
707 788 799 854 videt,
818 789 909 841 uritur
920 787 985 840 illo:

202 864 293 929 Atque
308 858 406 911 oculos
418 859 510 925 idem,
530 859 578 928 qui
592 858 712 927 decipit,
728 857 829 910 incitat
842 875 931 910 error.

206 929 339 991 Credule,
360 927 427 997 quid
436 928 542 981 frustra
553 928 704 980 simulacra
717 928 746 978 fu
786 928 829 979 cia
842 926 957 996 captas?

205 997 288 1061 Quod
302 997 386 1066 petis,
406 1007 446 1049 est
460 1015 612 1067 nusquam:
630 997 707 1067 quod
719 1014 736 1047 a
766 1013 808 1061 as,
827 1005 970 1060 avertere,
988 996 1103 1064 perdes.

205 1071 261 1119 lsta
276 1082 469 1147 repercussae,
488 1084 573 1135 quam
586 1067 691 1132 cernis,
708 1064 748 1117 im
767 1065 837 1135 ginis
854 1067 955 1116 umbra
969 1075 1021 1121 est.
1052 1094 1055 1099 ·

136 1133 189 1192 435
207 1136 253 1188 Nil
266 1137 352 1188 habet
363 1137 416 1187 ista
427 1153 482 1203 sur,
499 1146 654 1204 tecumque
665 1134 812 1204 venitque,
829 1144 980 1205 manetque
986 1132 999 1187 ἑ

206 1209 312 1258 Tecum
324 1204 464 1271 discedat,
482 1205 505 1255 si
518 1214 551 1255 tu
565 1204 708 1257 discedere
722 1204 818 1272 possis.

207 1277 271 1329 Non
283 1273 366 1324 illum
379 1275 498 1339 Cereris,
515 1291 573 1325 non
585 1273 667 1325 illum
681 1290 749 1324 cura
764 1271 863 1341 quietis

207 1343 374 1396 abstrahere
386 1342 452 1394 inde
467 1351 572 1410 potest:
590 1342 639 1393 sed
653 1360 742 1410 opaca
753 1342 832 1393 fusus
846 1341 876 1393 in
887 1341 977 1396 herba

208 1417 322 1480 Spectat
334 1410 473 1480 inexpleto
490 1410 657 1464 mendacem
669 1411 775 1463 lumine
792 1411 924 1475 formam,
953 1448 956 1453 ·

138 1484 193 1539 440
209 1482 316 1549 Perque
331 1479 428 1532 oculos
443 1481 518 1549 perit
530 1480 590 1548 ipse
605 1497 684 1532 suos:
701 1480 883 1548 paullumque
897 1480 1013 1548 levatus,

208 1550 251 1602 Ad
264 1551 476 1601 circumstantes
488 1550 605 1601 tendens
617 1566 667 1600 sua
679 1549 793 1600 brachia
806 1549 900 1610 siivas3

208 1618 328 1688 Ecquid,
346 1618 374 1670 io
388 1618 488 1684 silvae,
508 1618 662 1684 crudelius,
677 1618 783 1689 inquit,
801 1617 924 1669 amavit?

208 1688 291 1740 Scitis
305 1687 395 1753 enim,
414 1697 443 1740 et
455 1687 550 1740 multis
562 1688 670 1739 latebre
683 1696 841 1756 opportuna
854 1686 954 1741 fuistis.

208 1759 348 1826 Ecquem,
367 1775 431 1808 cum
445 1765 553 1809 vestrae
566 1765 746 1827 totagantur
758 1756 869 1808 saecula
883 1756 966 1824 vitae,

140 1825 193 1884 445
211 1828 264 1888 Qui
279 1825 320 1877 sic
333 1825 469 1886 tabuerit,
486 1826 573 1897 longo
587 1826 751 1877 meministis
764 1826 794 1877 in
809 1826 900 1878 aevo?
1161 1831 1163 1901 l

207 1898 242 1947 Et
255 1895 364 1963 placet,
383 1903 412 1947 et
423 1894 520 1947 video:
538 1895 587 1948 sed
602 1894 678 1964 quod
692 1894 845 1963 videoque,
864 1895 1025 1966 placetque,

210 1966 275 2016 Non
286 1973 383 2015 tamen
395 1964 521 2016 invenio:
538 1973 631 2016 tantus
643 1972 722 2016 tenet
737 1980 817 2015 error
830 1975 980 2018 amantem.

211 2037 328 2103 Quoque
340 2033 428 2104 magis
443 2033 567 2098 doleam;
585 2050 639 2085 nec
651 2049 702 2084 nos
715 2049 794 2084 mare
807 2043 918 2100 separat
928 2034 1039 2105 ingens,

119 2142 123 2149 ,
211 2103 271 2153 Nec
282 2102 342 2167 via,
360 2119 413 2154 neo
426 2112 551 2169 montes,
568 2119 622 2154 nec
635 2101 736 2154 clausis
750 2103 860 2153 moenia
873 2104 970 2171 portis.

142 2171 196 2235 450
210 2171 313 2240 Exigua
322 2168 505 2239 prohibemur
517 2188 598 2240 aqua.
616 2172 697 2239 Cupit
708 2171 766 2239 ipse
778 2172 877 2224 teneri.

211 2242 284 2293 Nam
297 2241 405 2308 quoties
418 2239 530 2308 liquidis
542 2240 717 2309 porreximus
727 2240 825 2292 oscula
835 2240 973 2310 lymphis3

211 2309 264 2361 llic
274 2309 357 2360 toties
372 2308 466 2359 adme
480 2309 612 2377 resupino
626 2308 725 2360 nititur
736 2325 794 2364 ore.

210 2380 292 2429 Posse
304 2386 382 2445 putes
396 2377 488 2447 tangi:
506 2378 656 2429 minimum
670 2386 720 2444 est,
737 2376 814 2447 quod
826 2379 983 2431 amantibus
999 2381 1108 2439 obstat.
1159 2428 1160 2431 ,

125 2462 129 2469 ·
213 2446 341 2515 Quisquis
353 2463 396 2508 es,
415 2446 471 2499 huc
484 2446 542 2499 exi:
561 2447 629 2516 quid
640 2463 701 2512 me,
718 2464 789 2514 puer
800 2447 897 2512 unice,
915 2448 1010 2501 fellis?

143 2517 195 2573 455
215 2520 309 2579 Quove
322 2516 424 2584 petitus
438 2515 517 2568 abis?
536 2525 613 2569 certe
627 2532 680 2568 nec
695 2516 805 2581 forma,
823 2531 876 2568 nec
889 2526 965 2569 aetas

211 2588 260 2637 Est
275 2601 348 2647 mea,
363 2601 447 2654 quam
460 2584 565 2655 fugias:
577 2594 608 2637 et
621 2594 751 2637 amarunt
765 2601 811 2636 me
823 2602 935 2665 quoque
947 2589 1109 2661 Nymphae.
1158 2622 1159 2657 j

213 2657 296 2722 Spem
308 2653 378 2705 mihi
391 2655 485 2706 nescio
502 2673 587 2724 quam
600 2655 680 2706 vultu
691 2654 830 2722 promittis
842 2671 949 2708 amicos
1158 2670 1159 2689 l

213 2723 338 2791 Cumque
351 2739 403 2792 ego
417 2725 528 2792 porrexi
539 2724 590 2776 tibi
601 2724 731 2788 brachia,
750 2723 869 2793 porrigis
881 2724 971 2778 ultro:
1157 2768 1158 2799 ,

211 2793 281 2842 Cum
294 2791 358 2854 risi,
376 2792 495 2845 arrides:
511 2792 644 2846 lacrimas
661 2809 773 2861 quoque
786 2809 869 2860 saepe
883 2793 988 2861 notavi,

143 2855 197 2914 460
212 2863 257 2913 Me
270 2860 451 2926 lacrimante,
469 2871 546 2923 tuas3
565 2870 636 2914 nutu
648 2878 760 2930 quoque
773 2862 852 2930 signa
865 2864 1001 2916 remittis:
1156 2808 1158 2919 i

213 2931 263 2996 Et,
283 2937 419 2997 quantum
431 2940 512 2982 nictu
524 2930 643 2983 formosi
654 2932 781 2998 suspicor
793 2930 858 2996 oris,

211 2999 305 3050 Verba
320 2996 423 3060 refers,
433 3012 524 3051 'sures
536 3017 595 3052 non
608 2998 798 3068 pervenientia
813 3008 930 3052 nostres.

212 3069 244 3119 ln
255 3075 285 3119 te
296 3083 348 3137 ego
363 3084 439 3131 sum,
455 3068 544 3120 sensi:
561 3086 615 3121 nec
630 3084 676 3119 me
690 3085 754 3120 mea
767 3068 843 3119 fallit
854 3069 959 3139 imago.

212 3139 286 3189 Uror
298 3152 395 3187 amore
409 3137 480 3189 mei:
499 3137 628 3190 flammas
642 3155 740 3189 moveo
763 3154 796 3189 ue
809 3137 937 3206 feroque.

143 3203 195 3260 465
213 3206 286 3267 Quid
298 3203 422 3256 faciam?
439 3214 539 3275 roger,
558 3224 630 3259 anne
643 3156 761 3276 rogandi
780 3205 848 3276 quid
862 3205 962 3258 deinde
974 3209 1109 3279 rogabo?

100 3302 117 3333 0
213 3273 295 3336 Quod
308 3273 390 3341 cupio
403 3291 517 3327 mecum
530 3285 585 3327 est:
603 3276 717 3343 inopem
732 3293 778 3328 me
793 3275 874 3343 copia
884 3275 964 3331 fecit

213 3342 373 3413 leutinam
386 3352 484 3396 nostro
496 3345 629 3401 secedere
643 3362 762 3415 corpore
776 3346 902 3415 possam!
