2350 3834
174 191 236 267 106
446 203 477 263 a.
499 201 649 262 ov1u11
667 200 855 258 uasorus

160 320 166 333 κ
230 346 445 415 'admotumque
461 344 567 397 fretum
583 344 681 411 remis,
698 344 835 415 tellusque
853 321 978 418 rapulam
1077 360 1098 370 ’·

240 416 378 480 Vicimus,
396 413 545 466 exclamat:
562 429 675 468 mecum
691 431 757 466 mea
773 416 997 472 anteferuntur:

238 484 416 553 Exsultatque
431 483 542 548 animo,
560 483 605 535 vix
622 492 650 535 et
666 500 715 535 sua
751 483 834 536 audia
847 485 943 538 differt

171 554 223 610 515
239 553 389 617 Barbarus,
414 561 443 604 et
458 553 597 621 nusquam
611 552 710 606 lumen
728 501 876 622 detorquet
892 558 927 607 ab
943 554 1002 606 illa.

240 624 305 675 Non
323 620 420 685 aliter,
439 637 525 689 quarn
542 638 608 673 cum
623 622 739 689 pedibus
756 622 905 690 praedator
922 623 1038 676 obuncis

163 697 168 702 “
238 689 372 812 gpploaiit
387 690 453 742 nido
470 689 599 757 leporem
615 690 686 744 lavis
703 690 760 742 ales
775 690 806 743 in
824 690 896 744 alto:

307 776 324 809 a
340 758 408 828 fuga
426 766 466 811 est
483 766 581 826 capto:
599 766 706 827 spectat
723 775 772 811 sua
789 760 914 828 praemia
930 769 1037 829 raptor.

239 831 354 897 Iamque
370 827 424 879 iter
441 826 587 882 effectum:
605 827 718 897 iamque
734 827 763 879 in
781 845 831 880 sua
847 828 943 882 littora
958 830 1037 883 fessis

170 896 224 951 sat
239 896 377 965 Puppibus
390 895 534 959 ‚exieraut3
552 914 618 949 cum
634 913 683 949 rex
699 896 839 952 Pandione
855 907 952 950 natam
973 917 975 922 ·

238 969 270 1018 In
287 964 394 1022 stabula
413 966 469 1017 alta
485 965 587 1031 trahit,
605 964 678 1018 silvis
695 966 813 1018 obscura
829 967 959 1020 vetastis:

237 1039 328 1114 Atque
344 1034 384 1086 ibi
399 1035 567 1104 pallentem,
583 1033 787 1103 trepidamque,
805 1043 835 1087 et
850 1045 953 1088 cuncta
966 1035 1107 1099 timentem,

237 1106 272 1156 Et
288 1120 346 1154 ram
363 1120 428 1162 curn
444 1102 581 1168 lacrimis,
599 1103 701 1156 ubisit
717 1120 863 1182 germana,
880 1113 1035 1175 rogantem,

236 1171 369 1224 Includit=
387 1171 530 1240 fususque
546 1171 640 1238 nefas,
650 1175 687 1226 'et
702 1172 853 1242 virginem,
872 1181 901 1225 et
917 1191 1003 1228 rusam

169 1237 220 1296 525
236 1240 271 1292 Vi
288 1249 415 1309 superat3
433 1241 536 1292 frustra
553 1239 674 1292 clamato
691 1257 773 1309 saepe
790 1250 916 1309 parente,
956 1291 964 1309 ,

237 1314 324 1378 Saepe
341 1325 437 1361 sorore
453 1326 518 1375 sua,
534 1309 643 1379 magnis
658 1325 742 1377 super
759 1310 854 1362 omnia
870 1311 953 1364 Divis.

237 1378 289 1430 Illa
304 1377 415 1444 tremit,
438 1377 515 1430 velut
530 1394 603 1447 agna
620 1394 748 1448 parens,
764 1395 836 1447 quae
852 1380 948 1436 saucia
963 1380 1027 1434 cani

237 1449 292 1500 Ore
309 1463 423 1500 excussa
438 1445 513 1514 lupi,
530 1445 657 1497 nondum
672 1446 726 1498 sihi
742 1455 803 1498 tuta
820 1447 944 1509 videtum

98 1579 105 1582 ¹
205 1522 207 1526 ’
236 1520 329 1586 thue
347 1514 492 1580 columba,
510 1531 560 1567 suo
577 1513 742 1567 madefactis
758 1515 892 1586 sanguine
908 1517 1021 1585 plumis,

169 1578 222 1637 530
237 1586 340 1637 Horret
351 1584 451 1651 adhuc,
467 1582 616 1652 avidosque
631 1582 722 1644 timet,
742 1584 841 1653 quibus
853 1585 990 1657 haeserat,
1006 1594 1105 1657 duplet

236 1656 302 1706 Mox
317 1653 367 1705 ubi
383 1669 462 1704 mens
479 1652 573 1714 rediit3
596 1669 692 1721 passos
709 1652 814 1705 laniata
831 1653 958 1725 capillos,

236 1722 369 1842 [Lugenti
383 1721 494 1786 similia,
512 1721 599 1774 caesis
614 1720 750 1791 plangore
766 1722 897 1790 lacertis]
994 1789 997 1793 Ι

250 1790 383 1842 ntandens
399 1790 521 1858 palmas,
538 1793 606 1842 Pro!
624 1790 706 1853 diris,
728 1791 863 1856 Barbare,
880 1791 973 1859 factis,

236 1861 303 1912 Pro!
321 1857 453 1924 crudelis,
470 1858 521 1913 ait!
538 1875 593 1911 nec
608 1867 637 1910 te
655 1859 786 1912 mandata
802 1860 924 1929 parentis

168 1922 221 1981 535
239 1929 308 1979 Cum
324 1926 447 1979 lacrimis
464 1944 577 1979 movere
594 1927 660 1995 piis,
675 1944 727 1980 nec
744 1946 812 1981 cura
827 1929 953 1995 sororis„

236 1998 295 2050 Nec
312 2013 376 2048 mea
392 1995 548 2067 virginitas,
565 2013 619 2048 nec
637 1996 803 2066 coniugialia
819 1997 911 2052 iurat*

236 2065 336 2134 Omnia
352 2066 483 2117 turbasti:
499 2064 591 2133 pellex
609 2081 661 2135 ego
678 2065 755 2118 facta
774 2066 904 2120 sororisr·

235 2135 278 2186 Tu
294 2134 421 2204 geminus
439 2133 554 2198 coniux,
575 2150 633 2185 non
649 2133 719 2186 haec
735 2134 805 2186 mihi
823 2134 918 2187 debita
932 2150 1031 2203 poena.

235 2202 310 2265 Quin
322 2202 444 2253 animam
455 2202 537 2266 hanc,
555 2218 591 2253 ne
606 2203 684 2271 quod
694 2203 802 2256 facinus
813 2204 875 2269 tihi,
910 2204 1006 2271 erfide,
1021 2204 1102 2261 rulth

167 2265 219 2323 540
236 2270 344 2339 Eripis?
362 2279 445 2339 atque
461 2270 569 2323 aunam
585 2271 696 2324 fecisses
713 2280 778 2324 ante
794 2272 878 2324 nefan
899 2290 933 2325 os

99 2349 102 2353 '
235 2338 417 2392 Concubitus!
434 2355 534 2391 vacuas
551 2339 710 2392 habuissem
726 2341 848 2393 criminis
865 2342 989 2394 umbras.

233 2408 373 2460 attamen
390 2407 461 2460 haec
478 2409 576 2476 Superi
594 2418 726 2473 cermmt3
743 2409 767 2461 si
782 2409 899 2462 numina
914 2411 1014 2463 Divum

235 2481 305 2529 Sunt
322 2476 441 2547 aliquid3
458 2476 482 2527 si
498 2494 556 2528 non
572 2478 717 2545 perierrmt
735 2479 829 2531 omnia
845 2495 974 2544 mecum3

236 2546 476 2615 Quandocumque
489 2544 561 2597 mihi
575 2562 678 2614 poenas
696 2547 783 2600 dahis.
816 2552 891 2616 Ipsa,
907 2548 1015 2617 pudore

116 2618 122 2627 ’
167 2609 218 2669 545
234 2615 375 2680 Proiecto,
391 2623 441 2670 tua
458 2615 534 2668 facta
549 2615 658 2685 loquar.
692 2615 720 2667 si
738 2616 819 2686 copia
836 2616 926 2678 detur,

234 2686 266 2735 In
281 2701 318 2752 po
339 2684 399 2736 ulos
415 2684 539 2736 reniam:
557 2684 581 2735 si
596 2684 671 2737 silvis
688 2684 782 2736 clausa
797 2685 924 2751 tenebor,

235 2702 358 2821 Impleho
375 2752 469 2817 silvas,
488 2762 516 2804 et
533 2755 645 2806 conscia
661 2770 725 2805 saxa
741 2754 870 2807 mosaha.

235 2821 336 2872 Audiat
351 2821 422 2873 haec
439 2822 548 2885 aether,
566 2830 595 2873 et
610 2823 634 2874 si
651 2822 717 2874 deus
734 2822 807 2875 ullus
824 2823 853 2875 ia
870 2820 920 2876 illo
939 2832 989 2875 est

198 2910 200 2914 ·
234 2889 346 2941 Talibus
363 2890 405 2941 ira
421 2890 475 2941 feri
491 2898 641 2959 postquam
659 2901 800 2944 commota
816 2889 936 2959 tyranni,

166 2955 219 3012 550
235 2960 293 3010 Nec
310 2959 402 3009 minor
418 2959 471 3010 hac
489 2968 579 3010 metus
597 2969 652 3022 est;
670 2978 753 3012 causa
769 2960 925 3014 stimulatus
942 2968 1063 3028 utraque,
1085 2979 1089 2988 ¹
1110 3000 1111 3003 ,

236 3029 297 3091 Quo
315 3027 368 3079 fuit
386 3026 542 3092 accinctus,
560 3029 660 3098 vagina
675 3029 776 3080 liberat
795 3046 898 3095 ensem,

234 3100 303 3147 Arre
323 3105 435 3164 tamque
452 3113 547 3161 corna,
563 3097 642 3148 flexis
657 3106 721 3166 post
737 3107 818 3168 terga
832 3097 953 3164 lacertis,
1010 3097 1011 3102 ’
1070 3157 1073 3163 ,

233 3114 332 3216 vincia
348 3165 404 3232 pati
423 3164 506 3235 cogit.
539 3167 669 3243 Iugulum
684 3166 839 3219 Philomela
854 3167 980 3236 parabat,
1041 3185 1044 3190 ’

234 3236 252 3282 S
273 3249 372 3301 emque
389 3250 454 3285 suae
470 3241 568 3285 mortis
585 3234 644 3286 viso
662 3244 831 3304 conceperat
848 3252 922 3289 ense.

166 3299 217 3355 ⁵55
233 3250 284 3352 Ille
299 3301 472 3371 indignanti,
489 3312 519 3355 et
533 3319 637 3356 nomeu
652 3304 737 3373 patria
754 3321 842 3376 usqua
859 3303 977 3370 comati,
