2350 3834
159 211 220 275 168
418 211 449 265 P.
471 209 626 265 OVIDII
652 207 843 264 NASONIS

225 361 281 410 Aut
295 356 380 422 stetit,
396 362 445 408 aut
457 352 518 408 vira
529 362 580 409 est.
598 356 712 412 Inerant
721 351 832 408 lunaria
840 352 929 409 fronti

227 429 346 493 Cornua,
364 424 526 494 cumspiois
540 421 629 476 nitido
643 424 810 477 flaventibus
823 441 903 491 auro,

157 498 212 554 690
227 498 263 549 Et
274 495 370 567 regale
384 494 486 558 decus;
504 510 570 546 cum
582 510 638 573 qua
647 493 767 546 latrator
782 493 897 558 Anubis,
913 535 916 538 .

226 568 384 635 Sanctaque
394 562 526 625 Bubastis,
542 577 692 643 vanusque
706 562 847 616 coloribus
860 561 938 631 Apis:
979 577 983 589 ·
1054 593 1058 601 ·
1136 557 1137 568 ¹

227 634 338 704 Quique
353 632 458 702 premit
466 648 578 699 vocem,
595 631 739 702 digitoque
753 631 862 684 silentia
874 630 987 696 suadet3
1136 689 1137 692 Ἴ

227 704 370 773 sistraque
386 710 475 767 erant,
490 717 693 772 nunquamque
704 702 771 753 setis
787 701 927 771 quaesitus
941 699 1023 754 Osiris
1136 713 1137 716 ’

201 777 203 783 ’
227 771 367 842 Plenaque
381 770 529 824 somniferi
541 788 655 841 serpens
668 770 817 842 peregriua
834 769 943 826 veneni.

159 838 211 898 695
230 842 307 907 eno,
325 841 403 895 velut
416 857 558 894 excussam
569 857 680 904 somno,
697 847 727 893 et
740 839 1041 894 manifesta‘videntem
1136 897 1137 914 ,

228 910 274 963 Sic
288 911 374 963 affata
397 908 450 964 dea
462 919 518 963 est:
534 912 600 962 Pars
619 927 635 962 o
649 908 798 962 Telethusa
807 925 947 974 mearum,
1007 959 1011 964 .
1055 914 1056 922 ’

229 981 305 1033 Pone
318 996 417 1050 graves
429 996 520 1046 curas,
537 978 726 1048 mandataque
738 978 807 1031 falle
821 977 926 1032 mariti.

228 1051 288 1103 Nec
301 1048 409 1114 dubita,
427 1066 494 1102 cunr
507 1057 536 1101 te
549 1056 633 1119 partu
645 1047 752 1100 Lucina
764 1047 876 1111 levarit,

225 1117 338 1172 Tollere
391 1118 487 1188 ‘dquid
501 1117 563 1173 erit.
584 1119 643 1169 Dea
656 1116 880 1180 sumauriliaris,
898 1129 1036 1187 opemque

159 1187 213 1241 700
227 1136 440 1253 &mquam
456 1204 510 1239 nec
521 1195 552 1239 te
562 1186 681 1239 coluisse
714 1186 819 1239 uereris

113 1285 115 1288 ·
226 1261 374 1327 Ingratum
383 1273 497 1310 numen.
515 1256 633 1320 Monuit,
649 1256 680 1308 th
709 1271 829 1326 amoque
840 1253 964 1309 recessit.

227 1328 315 1379 Laeta
327 1334 392 1382 toro
405 1325 503 1395 surgit,
521 1341 661 1394 purasque
675 1324 711 1376 ad
722 1324 814 1378 sidera
827 1323 942 1392 supplex
1056 1346 1058 1350 ·

229 1397 325 1447 Cressa
339 1411 440 1455 manus·
449 1394 559 1457 tollens,
577 1402 639 1446 rata
650 1394 706 1446 sint
718 1410 768 1448 sua
779 1393 836 1445 visu
849 1400 994 1461 precatur.

229 1466 268 1515 Ut
282 1462 363 1516 dolor
378 1464 504 1529 increvit,
517 1479 603 1532 seque
619 1463 712 1531 ipsum
722 1462 832 1542 pondus
843 1462 875 1514 in
887 1477 969 1515 aures

161 1529 214 1585 705
230 1532 351 1602 Expulit,
369 1540 398 1583 et
409 1540 476 1584 nata
490 1541 532 1584 est
544 1532 645 1602 ignaro
660 1531 767 1585 femma
780 1530 869 1600 patri3

230 1602 311 1654 lussit
323 1600 361 1653 ali
372 1609 472 1667 mater,
488 1613 609 1670 puerum
620 1602 754 1654 mentita:
770 1599 914 1669 fidemque

229 1672 283 1723 Res
295 1671 407 1723 habuit:
424 1687 516 1740 neque
530 1680 590 1724 erat
600 1671 670 1723 iacti
684 1670 738 1724 nisi
750 1669 862 1724 corucia
874 1667 978 1725 nutrix.

231 1742 304 1792 Vota
318 1747 399 1810 pater
406 1740 499 1805 solvit,
516 1756 677 1811 nomenque
690 1735 941 1808 imponit'asitum:

232 1809 306 1879 Iphis
320 1826 388 1873 avus
402 1808 504 1861 fuerat.
529 1809 629 1861 Gavisa
643 1818 685 1864 est
702 1808 816 1861 nomine
829 1816 931 1872 mater,

162 1874 216 1929 710
233 1877 315 1941 Quod
328 1894 478 1934 commune
488 1877 573 1945 foret,
592 1895 645 1932 nec
658 1894 743 1948 quem
762 1894 829 1930 uam
839 1876 952 1932 falleret
963 1873 1023 1928 illo.

230 1950 274 1999 Im
295 1955 409 2017 ercepta
421 1947 469 2016 pia
480 1948 628 2002 mendacia
639 1947 739 2000 fraude
744 1895 887 2000 latebant.

233 2018 254 2069 C
284 2025 328 2069 tus
345 2025 405 2069 erat
413 2016 508 2085 pueri:
526 2017 622 2078 facies,
641 2033 727 2086 quam
738 2015 794 2068 sive
807 2014 927 2085 puellae,

232 2085 295 2138 Sive
310 2086 389 2140 dares
400 2103 500 2157 puero,
517 2087 600 2139 fieret
610 2086 749 2139 formosus
765 2093 891 2155 uterque.

232 2155 343 2208 Tertius
353 2156 462 2207 interea
474 2154 584 2207 decimo
598 2162 770 2210 successerat
817 2170 883 2216 nus3

164 2216 216 2274 715
234 2225 304 2275 cnm
316 2232 403 2293 pater,
421 2223 491 2293 Iphi,
507 2223 559 2275 tihi
571 2224 675 2277 flavam
686 2224 791 2293 despon
811 2232 839 2282 et
852 2219 984 2275 liutheri:
1068 2268 1074 2276 .

233 2295 309 2345 inter
319 2292 492 2344 Phaestiadas
504 2309 574 2373 quae
587 2292 777 2347 laudatissima
791 2292 901 2345 formae

233 2361 306 2414 Dote
319 2361 374 2413 fuit
383 2361 473 2433 virgo,
490 2363 605 2414 Dictaeo
618 2372 686 2416 nata
697 2362 814 2416 Teleste.

233 2431 288 2484 Par
302 2439 388 2497 aetas,
404 2448 457 2502 par
470 2429 565 2483 forma
577 2431 646 2484 fuit:
663 2431 822 2501 primasque
836 2428 976 2500 magistris

234 2503 377 2571 Accepere
389 2509 472 2565 artes,
491 2499 634 2553 elementa
645 2500 753 2567 aetatis,
772 2500 808 2553 ah
820 2499 921 2564 isdem

122 2634 126 2642 Ι
166 2562 219 2617 720
235 2568 306 2622 Hinc
320 2586 401 2634 ampr
411 2570 558 2622 ambarum
571 2570 665 2641 tetigit
677 2570 747 2623 rude
756 2578 865 2639 pectus,
884 2576 913 2624 et
927 2582 1047 2639 aequtun

234 2638 341 2691 Vulnus
351 2639 464 2709 utrique
477 2638 555 2703 tulit;
569 2638 621 2693 sed
636 2647 697 2692 erat
709 2638 812 2692 fiducia
823 2638 926 2707 dispar.

236 2706 364 2778 Coniugii
374 2717 528 2777 pactaeque
540 2716 683 2777 exspectat
695 2716 826 2776 tempora
834 2706 944 2768 taedae,

236 2778 383 2846 Quamque
392 2777 484 2829 virum
497 2786 577 2847 putat
587 2793 657 2842 esse,
672 2793 753 2829 suurn
766 2776 828 2829 iore
842 2773 932 2829 credit
942 2773 1046 2827 Ilinthe.

240 2845 314 2913 Iphis
328 2853 415 2912 amat,
441 2862 497 2915 qua
516 2862 596 2915 posse
609 2845 668 2899 frui
681 2845 819 2927 desperat,
836 2852 865 2898 et
876 2851 962 2915 auget
1004 2865 1008 2872 ·

168 2904 222 2962 72⁵
238 2915 299 2966 Hoc
310 2914 403 2983 ipsum
412 2913 555 2968 flammas:
572 2914 709 2995 ardetque
726 2913 876 2985 mvvirgine
887 2913 979 2983 virgo.
1133 2955 1134 2970 ,

236 2983 344 3052 Vixque
356 2991 454 3038 tenens
463 2982 604 3051 lacrimas,
620 2987 687 3048 Quis
701 3001 747 3037 me
763 2991 860 3036 menet
871 2982 969 3049 exitus,
981 2975 1073 3050 inquit
1132 2979 1134 2996 “

238 3051 355 3121 cognita
368 3068 454 3120 quami
464 3051 544 3119 nulli,
561 3069 647 3122 quam
657 3052 826 3123 prodigiosa,
838 3066 985 3122 novaeque

238 3120 311 3172 Cura
322 3127 400 3172 tenet
414 3120 548 3174 Veneris?
566 3121 594 3173 si
607 3121 637 3174 dr
655 3122 728 3174 mihi
740 3138 856 3191 percere
869 3120 984 3185 vellent,
1054 3147 1060 3152 ·

237 3187 358 3241 Perdere
371 3188 525 3244 debuerant
533 3208 545 3242 ε.
557 3190 580 3244 si
592 3207 650 3243 non
661 3198 691 3243 et
703 3190 822 3261 perdere
831 3189 952 3254 vellent;

170 3249 224 3308 780
238 3256 372 3309 Nattuale
386 3257 493 3309 malurn
505 3258 605 3312 saltem
618 3268 647 3311 et
662 3259 696 3313 de
708 3276 790 3330 more
804 3259 952 3312 dedissent.

238 3325 298 3378 Nec
309 3341 547 3398 vaccamraccae,
563 3344 617 3383 nec
631 3344 715 3400 squar
731 3345 813 3388 amor
827 3329 885 3382 urit
893 3339 1034 3398 equarum.
