2350 3834
282 201 739 271 METAMORPHOSEON
760 204 844 259 LIB.
865 206 888 258 1.
1019 209 1060 273 13

13 346 18 361 “
92 345 287 417 Aetherioque
304 363 403 400 recens
419 348 522 401 exarsit
538 347 629 401 sidere
645 347 746 415 limus3

92 416 221 470 Plurima
237 416 360 470 cultores
378 417 459 469 versis
477 417 611 471 animalia
627 418 718 488 glebis
1005 424 1059 482 425

92 486 258 551 inveniunt,
278 494 306 537 et
322 486 352 538 in
368 486 411 538 his
429 487 567 556 quaedam
583 487 669 540 modo
691 494 806 557 coepta,
825 490 877 543 sub
896 490 989 562 ipsum

91 554 237 608 Nascendi
254 555 390 623 spatium:
409 556 547 626 quaedam
555 557 746 626 imperfecta,
764 557 874 628 suisque

91 625 207 677 Trunca
223 623 321 675 vident
336 625 476 678 numeris:
495 635 523 679 et
540 626 640 678 eodem
656 626 686 678 in
705 643 755 680 cor
775 642 825 679 ore
840 643 924 700 saepe

76 693 189 745 ,Altera
204 710 270 763 pars
286 694 371 758 vivit,
387 693 467 746 rudis
481 703 524 747 est
538 712 605 764 pars
622 696 711 748 altera
727 643 820 750 teilus.

92 763 205 842 Quippe
219 762 269 814 uhi
281 763 448 832 temperiem
461 780 585 819 sumsere
597 765 755 835 humorque
771 765 905 837 calorque
912 788 921 835 3
1002 770 1056 829 430

93 831 277 901 concipiunt:
295 840 324 884 et
340 832 376 884 eh
393 831 436 884 his
454 833 583 887 oriuntur
600 843 703 886 cuncta
720 833 836 888 duobus.

93 901 220 970 Cumque
237 900 273 953 sit
288 900 361 981 ignis
379 918 468 971 aquae
485 920 611 972 pugnam
628 920 716 971 vapor
735 903 866 956 humidus
887 923 985 963 omnes
1019 945 1021 951 .

13 978 14 985 ’
91 971 144 1021 lies
162 977 254 1035 creat,
272 979 300 1021 et
318 969 423 1022 discors
441 972 592 1025 concordie
609 971 729 1024 foetibus
747 980 814 1042 apte
835 982 884 1031 est.

90 1040 128 1090 Er
147 1055 164 1090 o
182 1039 233 1091 ubi
250 1038 354 1091 diluvio
372 1039 454 1091 tellus
471 1040 610 1092 lutulenta
627 1040 735 1093 recenti

91 1056 201 1160 Soh'hus
219 1108 349 1161 aetheriis
367 1108 481 1179 altoque
499 1109 644 1179 recanduit
663 1118 758 1174 aestu;
981 1115 1053 1173 ’436

90 1176 185 1229 Edidit
199 1178 360 1231 innumeras
377 1179 497 1246 species:
513 1180 674 1248 partimque
691 1180 795 1251 figures
916 1194 918 1197 ’

13 1306 14 1309 ¹
91 1246 196 1298 Retulit
214 1246 357 1316 antiquas,
374 1247 480 1316 partim
497 1265 569 1300 nove
586 1257 713 1301 monstra
730 1249 844 1305 creavit.

13 1354 14 1359 η
90 1314 144 1367 Illa
163 1315 280 1385 quidem
295 1315 401 1382 nollet,
419 1317 468 1369 sed
485 1327 513 1369 te
531 1334 656 1389 quoque,
674 1318 794 1371 maxime
811 1319 929 1391 Python,

90 1384 163 1436 Tum
179 1384 291 1455 genuit:
308 1385 474 1456 populisque
493 1387 584 1452 novis,
602 1388 746 1458 incognite
762 1404 885 1458 serpens,

90 1454 194 1507 Terror
211 1470 288 1506 eras:
312 1462 421 1506 tantum
438 1455 521 1525 spatii
536 1455 571 1507 de
588 1464 685 1510 monte
701 1456 826 1510 tenebas.

89 1524 169 1575 Hanc
186 1521 254 1575 dens
272 1523 444 1591 arcitenens,
463 1532 491 1577 et
507 1541 653 1594 nunquam
668 1525 771 1578 talibus
788 1527 873 1581 ermis

13 1642 14 1645 ,
88 1595 174 1653 Ante,
191 1592 247 1644 nisi
262 1591 293 1643 in
309 1592 397 1645 demis
413 1591 578 1664 capreisque
594 1594 757 1665 fugacibus,
774 1611 850 1665 usus,

88 1658 166 1712 Mille
184 1677 299 1740 gravem
316 1661 394 1727 telis,
413 1663 544 1715 exhauste
559 1680 649 1732 paene
665 1663 807 1733 pharetra,

88 1729 228 1797 Perdidit,
247 1730 335 1783 effuso
354 1748 405 1800 per
421 1731 537 1784 vulnera
556 1732 638 1803 nigra
654 1749 772 1786 veneno.

13 1832 14 1865 i
88 1800 163 1851 Neve
181 1799 273 1868 operis
290 1799 397 1852 famam
413 1803 500 1870 possit
516 1800 611 1854 delere
628 1810 760 1867 vetustas,
806 1862 808 1867 y

13 1874 14 1881 ’
88 1868 209 1920 Instituit
223 1885 318 1922 sacros
336 1868 441 1922 celebri
457 1870 613 1923 certamine
628 1870 718 1935 ludos,

87 1936 201 2004 Pythia,
219 1937 254 1990 de
272 1937 393 1991 domitae
409 1939 545 2008 serpentia
563 1938 678 1991 nomine
696 1939 795 1993 dictos.

88 2007 135 2057 His
150 2006 286 2059 iuvenum
344 2008 462 2078 'cunque
479 2025 580 2075 manu,
598 2008 766 2078 pedibusve,
784 2016 881 2064 rotave

87 2070 216 2141 Vicerat;
234 2022 377 2129 seruiium
395 2077 524 2146 capiebat
539 2076 649 2129 frondis
664 2077 813 2129 honorem.

86 2144 220 2196 Nondum
235 2144 331 2197 laurus
349 2155 422 2198 eret:
440 2146 486 2198 lon
508 2163 582 2216 oque
601 2145 729 2198 decentia
746 2145 825 2198 crine

86 2214 226 2282 Tempora
244 2214 375 2284 cingebat
392 2214 427 2268 de
445 2232 482 2286 qu
512 2215 571 2268 ibet
591 2216 693 2268 arbore
709 2214 845 2270 Phoebus.

118 2284 228 2337 Primus
245 2300 325 2337 amor
341 2284 445 2338 Phoebi
462 2283 577 2352 Daphne
595 2286 712 2346 Peneia3
732 2300 817 2353 quern
833 2301 892 2341 non

86 2351 152 2404 Fors
168 2352 270 2425 ignara
287 2351 379 2419 dedit,
396 2352 446 2405 sed
461 2369 544 2406 saeva
561 2353 701 2422 Cupidinis
717 2354 768 2406 ira.

85 2420 176 2472 Delius
193 2419 271 2474 hunc
288 2438 392 2491 nuper,
410 2422 486 2475 victa
502 2431 631 2490 serpente
648 2422 794 2490 superbus,

85 2489 201 2544 Viderat
217 2491 339 2544 adducto
356 2491 520 2544 flectentem
544 2507 650 2543 cornua
667 2508 770 2544 nervos

86 2559 214 2629 Quidque
231 2560 300 2626 tibi,
318 2560 420 2614 lascive
437 2576 522 2629 puer,
541 2577 608 2611 curn
623 2559 743 2611 fortibus
762 2559 866 2612 ermis?

85 2627 209 2682 Dixerat:
233 2630 288 2681 ista
305 2629 406 2682 decent
422 2629 554 2682 humeros
592 2629 726 2681 estamina
742 2637 861 2695 nostros,

86 2698 137 2760 Qui
154 2698 223 2750 dare
241 2698 430 2765 saniferae,
449 2698 516 2749 dere
534 2645 650 2748 vuinera
666 2714 811 2766 possumus
827 2697 917 2764 hosti3

85 2767 136 2829 Qui
152 2767 257 2833 modo,
276 2768 409 2836 pestifero
427 2775 472 2821 tot
487 2766 585 2836 iugera
603 2775 701 2818 ventre
717 2776 902 2836 prementem,

84 2837 236 2891 suavimus
252 2836 405 2891 innumeris
422 2834 563 2889 tumidum
579 2835 706 2905 Pythone
722 2837 837 2908 sagittis·
990 2837 1044 2896 460

82 2905 123 2956 Τιι
139 2905 205 2959 fece
222 2906 318 2959 nescio
337 2923 407 2977 quos
425 2914 483 2958 esto
502 2913 649 2957 contentus
672 2921 782 2961 amores

82 2975 197 3028 irritare
213 2982 278 3026 tua:
295 2992 349 3029 nec
363 2974 459 3029 laudes
477 2990 568 3026 essere
583 2983 701 3029 nostras.

81 3043 165 3097 Filius
183 3044 251 3097 huic
269 3045 400 3098 Veneris:
416 3044 497 3115 Figat
513 3051 576 3095 tuus
596 3045 704 3108 omnia,
722 3042 842 3112 Phoebe,

81 3113 119 3164 'l'e
135 3130 217 3166 meus
235 3130 331 3179 arcus,
348 3113 400 3166 ait:
419 3122 581 3183 quantoque
598 3112 734 3181 animalis
747 3113 850 3166 cedunt

82 3182 187 3236 cuncta
200 3181 271 3248 tibi,
288 3190 366 3236 tanto
384 3181 479 3235 mino'r
495 3190 535 3232 est
550 3190 600 3233 tua
616 3180 708 3252 gloria
723 3190 829 3242 nostra.
983 3177 1036 3233 465

81 3250 168 3304 Dixit:
186 3260 215 3309 et
233 3251 302 3304 eliso
319 3252 455 3322 percussis
471 3253 536 3303 edre
553 3250 670 3319 pennis!

81 3320 201 3392 Impiger
218 3321 351 3375 umbrosa
366 3319 479 3374 Parnasi
497 3318 622 3373 constitit
637 3334 720 3373 arce:

120 3398 205 3452 orm(
219 3399 257 3454 11.
293 3392 298 3401 '
740 3411 743 3415 ’
806 3394 830 3448 Β
873 3404 878 3415 “
