2350 3834
128 225 172 296 ra
305 242 320 267 «·
397 220 855 288 aovmnnasoms'
936 189 941 199 ⁸

126 377 180 435 880
196 379 261 429 Arte
276 375 328 429 sit:
346 383 376 429 et
388 376 486 429 mersis
497 377 543 430 fer
553 392 645 447 opem,
663 376 828 443 mittissimis,
845 374 938 434 rebus.

197 447 271 497 Mota
285 446 338 497 dea
351 455 405 509 est3
420 455 581 517 sortemque
595 448 686 500 dedit:
705 447 843 499 Discedite
855 448 963 521 templo

195 517 229 568 Et
238 514 330 568 velate
343 524 434 584 capnt,
452 516 612 587 cinctasque
625 516 754 568 resolvite
768 525 867 584 restes,
957 538 959 545 ·

196 588 316 655 Ossaque
330 593 394 653 post
404 594 516 656 tergum
532 600 651 657 magnae
662 587 765 639 iactate
777 587 910 656 parentis.
920 596 922 599 “
939 608 941 611 ’

197 653 369 722 Obstupuere
383 654 445 707 diu:
462 656 624 726 rumpitque
638 655 747 708 silentia
759 670 829 707 voce

126 721 178 785 285
196 721 299 790 Pyrrha
313 725 398 792 prior,
416 724 549 795 iussisque
564 726 634 777 deae
648 728 747 794 parere
757 731 883 777 recusat:
925 731 927 737 '
992 740 995 747 ·

196 794 249 844 Det
269 809 303 844 ue
320 792 373 845 sibi
387 793 511 860 Veniam,
529 794 631 867 pavido
645 802 727 864 rogat
741 808 804 845 ore:
822 801 960 866 pavetque
1057 792 1061 801 ”

196 809 320 914 Laedere
331 862 438 913 iactatis
453 865 713 916 maternas‘ossibua
728 863 850 916 umbras.

178 988 184 999 ‚
197 933 306 983 Interea
323 937 458 1000 repetunt
468 933 558 986 caecis
573 935 693 986 obscura
707 932 821 984 latebris

154 999 381 1053 ·'¹Verha'datae
393 1003 474 1054 sortis
489 1020 593 1067 seeum,
611 1004 685 1055 inter
698 1018 782 1081 aeque
794 1000 928 1054 voutam

127 1068 181 1126 390
197 1067 264 1122 Inde
278 1070 467 1124 Promethides
499 1072 598 1124 laeidis
608 1071 782 1141 Epimethida
795 1070 874 1123 dietis

197 1138 310 1204 Mulcet,
327 1148 365 1205 et,
383 1145 437 1192 Aut
447 1090 542 1207 aiiax,
560 1141 608 1206 ait,
627 1149 669 1193 est
681 1140 806 1192 sollertia
821 1138 911 1204 nobis,

195 1211 251 1259 Aut
265 1208 399 1275 piarunt,
416 1210 581 1281 nullumque
595 1210 673 1261 nefas
685 1210 800 1261 oracula
812 1209 938 1261 suadent.

197 1277 299 1346 Magna
310 1294 409 1345 parens
419 1287 496 1331 terra
507 1290 562 1331 est:
580 1278 686 1348 lapides
698 1279 727 1329 in
741 1292 861 1346 eorpora
873 1284 966 1330 terrae

198 1348 263 1396 Ossa
275 1361 341 1398 reor
354 1345 411 1397 diei
419 1367 426 1399 :
444 1348 535 1400 iacere
549 1348 599 1400 hos
613 1356 675 1416 post
687 1354 732 1398 ter
752 1348 918 1400 aiubemur.

128 1412 179 1470 395
198 1414 327 1484 Coniugis
340 1417 457 1486 augurio
471 1434 642 1487 quamquam
654 1364 763 1468 Titania
777 1423 854 1467 mota
866 1422 921 1479 θεῖς
938 1424 942 1437 ’

101 1508 104 1515 v
198 1486 265 1552 Spes
279 1488 373 1536 tame'n
389 1486 513 1539 indubio
529 1495 585 1550 ειυς
605 1486 676 1538 adeo
693 1483 858 1537 coelestibus
870 1483 956 1536 ambo

196 1551 333 1604 Diffidunt
346 1555 468 1609 monitis.
494 1555 548 1609 Sed
565 1556 633 1625 quid
643 1551 755 1608 tentare
769 1552 904 1605 nocebit?

197 1622 383 1689 Descendunt,
399 1624 550 1697 velantque
564 1634 658 1695 eaput,
675 1623 842 1692 tunicasque
856 1621 1017 1695 recingunt:
1080 1686 1084 1693 ι

135 1706 140 1725 1
179 1688 183 1695 ’
197 1691 231 1743 Et
243 1691 328 1743 iustos
341 1691 446 1761 lapides
461 1711 510 1746 sua
526 1702 590 1765 post
602 1693 716 1765 vestigia
728 1693 851 1744 mittunt.

128 1757 182 1816 400
199 1763 277 1826 Saxa,
296 1761 356 1831 quis
368 1763 424 1815 hoo
437 1764 542 1830 credat,
560 1762 614 1816 nisi
629 1764 665 1816 sit
678 1778 731 1833 pro
744 1769 815 1814 teste
827 1760 971 1817 vetustas?
988 1790 991 1796 ·

198 1830 304 1883 Ponere
317 1830 447 1885 duritiem
462 1848 590 1904 coepere,
607 1848 744 1903 suumque
754 1832 888 1901 rigorem,

197 1899 300 1951 Molliri
321 1917 356 1952 ue
368 1919 457 1967 mora,
474 1902 640 1974 mollitaque
653 1902 756 1954 ducere
770 1900 903 1954 forman.

120 1988 123 2006 ¹
197 1969 272 2036 Mor,
327 1970 509 2040 intererunt,
528 1980 686 2043 naturaque
702 1970 797 2022 mitior
810 1969 866 2021 illis
929 1978 931 1985 ’

115 2036 119 2043 ’
154 2066 158 2072 =
197 2038 328 2109 Contigit,
345 2049 378 2093 ut
390 2041 536 2112 quedam,
554 2043 595 2095 sie
608 2059 666 2093 non
682 2040 838 2105 manifesta
855 2035 946 2091 videri

129 2104 182 2165 406
199 2109 301 2159 Forma
312 2118 406 2178 potest
416 2110 552 2173 hominla;
571 2112 620 2163 sed
633 2111 674 2162 uti
689 2110 724 2162 de
738 2116 882 2161 marmora
894 2114 997 2179 coepto
1081 2122 1083 2125 ’

199 2178 263 2231 Non
278 2174 375 2231 eraota
389 2179 463 2246 satis,
480 2181 651 2251 rudibusque
665 2178 808 2231 simillima
818 2176 912 2248 signis.

199 2248 277 2310 Quae
288 2255 384 2301 tamen
400 2265 432 2301 ex
446 2249 500 2302 illie
514 2250 608 2320 aliquo
621 2265 684 2320 pars
697 2247 813 2300 humida
825 2254 921 2313 succo,
964 2250 967 2257 '

198 2310 353 2369 Etterreina
366 2317 429 2385 fuit,
446 2334 525 2371 versa
536 2327 578 2371 est
592 2319 622 2369 in
637 2317 762 2387 corporis
776 2322 867 2368 usura.
968 2342 970 2347 ·

201 2386 281 2449 Quod
292 2387 412 2440 solidum
425 2397 474 2454 est,
490 2388 624 2459 flectique
634 2387 740 2508 nequit,
758 2392 883 2436 mutatur
895 2381 925 2434 in
937 2398 1013 2438 oasa:

129 2450 184 2509 410
201 2454 283 2518 Quod
298 2457 383 2509 modo
400 2456 546 2525 renafuit,
565 2459 667 2510 subeo
688 2472 733 2507 ern
748 2453 990 2507 nominemansit:
1022 2459 1025 2463 ’
1051 2463 1058 2487 '-

90 2560 94 2577 ι
199 2524 289 2594 Inque
300 2524 379 2577 brevi
394 2527 493 2597 spatio,
510 2531 680 2607 superorum
693 2540 819 2589 munere,
836 2538 902 2576 saxa

199 2593 283 2646 Missa
295 2594 487 2649 viri-inanibus
500 2596 605 2649 faeiem
618 2605 728 2648 traxere
740 2593 868 2646 uirilem:

199 2662 234 2714 Et
247 2662 282 2715 de
294 2662 416 2717 femineo
430 2675 559 2736 reparata
571 2674 613 2719 est
625 2665 732 2718 femina
745 2665 830 2716 lactu.

108 2780 112 2790 ,
200 2731 269 2784 Inde
283 2748 370 2801 genus
387 2735 488 2788 durum
500 2750 604 2803 sumus,
623 2735 820 2813 experiensque
834 2730 979 2782 laborum:
1054 2734 1057 2741 ’

130 2796 183 2855 415
200 2801 234 2852 Et
246 2800 414 2855 documenta
426 2805 531 2871 damus,
549 2822 605 2874 qua
619 2805 704 2856 simus
716 2803 824 2873 origine
836 2799 904 2852 nati.

236 2871 350 2923 Caetera
365 2871 478 2926 divis-sis
489 2872 572 2925 tellus
586 2872 718 2926 animalia
730 2869 830 2923 formis
921 2892 923 2897 ·

202 2941 306 3008 Sponte
319 2956 381 3013 sua,
404 2944 501 3017 eperit‚
518 2944 667 3012 postquam
680 2948 759 2993 vetus
769 2939 874 2991 humor
887 2936 923 2990 ab
935 2936 1001 3012 igne

201 3007 341 3061 Peroaluit
353 2959 437 3075 θοῗὶις
457 3016 641 3083 coenumque,
651 3011 780 3091 udaeque
791 3006 906 3078 paludes

200 3080 360 3155 Intumuere
374 3089 466 3132 aestu:
484 3080 660 3152 fecundaque
675 3082 781 3132 'semma
792 3086 889 3130 rerum

133 3141 188 3202 420
203 3146 301 3200 vivaci
312 3149 416 3201 nutrita
430 3149 498 3218 solo,
518 3166 569 3203 ceu
580 3150 678 3201 matris
690 3149 720 3201 in
736 3147 808 3214 alvo,

203 3216 361 3286 creverunt,
377 3216 537 3290 faciemque
552 3220 674 3293 aliquam
689 3230 788 3287 cepere
800 3212 957 3270 mutandos

204 3285 249 3337 Sic
260 3286 308 3338 uhi
322 3287 442 3340 deseruit
456 3288 583 3341 madidos
595 3287 775 3358 septemfluus
787 3302 869 3357 agros

203 3352 291 3424 Nilus,
308 3359 462 3428 etantiqua
475 3375 525 3411 sua
536 3358 655 3411 flumina
666 3355 790 3410 reddidit
801 3354 892 3422 drea,
