2350 3834
138 220 182 286 98
399 220 610 277 1².1ov11t11
636 220 828 277 NASONIS
845 244 847 249 ’

121 386 125 396 ·
139 369 192 424 600
209 369 271 431 Quo
282 366 436 438 properas?
452 369 557 421 iterum
571 385 659 422 rauco
671 367 741 421 mihi
757 366 936 423 (lucratore.

209 437 386 503 sicutenim,
401 437 481 507 fugio
496 440 555 490 sine
567 439 702 491 vestibus:
720 436 809 498 altera
825 446 915 490 vestes

207 507 278 575 Ripa
293 523 370 559 meas
386 506 492 560 habuit.
509 511 601 560 Tanto
612 506 702 578 magis
713 507 807 573 instat,
826 515 856 558 et
868 506 965 561 arden

100 584 102 591 ’
207 578 242 629 Et
255 575 321 646 quia
334 576 409 628 nuda
420 575 472 641 tui,
490 592 552 629 sum
567 578 626 630 visa
637 576 762 646 paratior
774 576 824 630 illi.

141 666 144 675 ⁴
199 646 252 708 ‚Sic
267 662 319 716 ago
334 645 493 712 currebam,
509 646 550 699 sic
562 663 609 698 me
621 647 698 699 ferus
709 644 758 696 ille
771 644 935 714 premebat3
1065 696 1068 703 ,

139 713 191 770 606
208 718 245 765 Ut
256 715 289 766 fu
309 731 356 767 ere
370 714 533 785 accipitrem
548 733 641 785 penna
652 713 811 784 trepidante
826 713 985 780 columbae,
1009 740 1011 745 .
1066 712 1068 719 ⁸

175 776 181 789 '
208 786 247 834 Ut
259 734 330 836 sciet
344 784 478 853 accipiter
488 785 611 854 trepidas
626 785 733 855 agitare
750 782 904 837 columbas.

208 856 302 923 Usque
315 854 365 906 sub
378 853 583 920 Orchomenon,
602 854 800 923 Psophidaque,
819 852 1031 922 Cyllenenque,

207 920 414 993 Maenaliosque
428 923 511 990 sinus,
530 924 710 995 gelidumque
721 922 920 989 Erymanthon,
938 922 1044 975 etEtin

208 991 327 1044 Currere
341 993 473 1047 sustinui:
489 1010 543 1045 uec
555 1010 602 1046 me
616 993 743 1045 velocior
758 991 816 1046 iile.
1018 1004 1023 1017 ·
1090 994 1095 1001 ’

139 1058 192 1114 610
208 1062 261 1114 Sed
273 1061 394 1114 tolerare
409 1062 569 1115 diu'cursua
581 1080 645 1134 ego,
661 1061 767 1114 viribus
776 1060 879 1129 impar,

149 1158 152 1162 ⁴
207 1133 270 1184 Non
278 1139 419 1200 potarum:
436 1131 514 1185 lonvi
527 1134 634 1201 patiens
647 1126 707 1184 erat
718 1129 768 1181 illa
778 1129 892 1195 labqria.

208 1200 261 1255 Per
275 1209 371 1253 tamen
384 1211 412 1253 et
427 1210 549 1270 campos,
566 1220 620 1270 per
634 1209 746 1270 opertos
760 1199 861 1251 arbore
873 1205 995 1267 montes,

206 1266 278 1321 sara
290 1284 412 1340 quoque,
432 1280 460 1322 et
468 1286 561 1350 rupes,
580 1281 609 1322 et
620 1287 675 1340 qua
686 1270 732 1329 via
744 1267 832 1334 nulle,
848 1267 971 1322 cacturi.

141 1350 143 1355 ’
207 1338 255 1390 Sol
269 1347 329 1391 erat
339 1357 356 1390 a
369 1348 467 1411 tergo:
485 1339 541 1390 vadi
554 1338 851 1409 praecederelongam

138 1406 189 1465 615
206 1411 278 1460 Ante
291 1408 377 1476 pedes
387 1409 532 1472 umbram
551 1409 638 1462 nisisi
652 1410 738 1460 timor
752 1406 802 1458 illa
815 1405 937 1459 videbat.

206 1476 261 1529 Sed
278 1487 354 1530 certe
367 1479 516 1546 sonituque
528 1478 633 1546 pedum
643 1477 787 1538 terrebam
806 1483 834 1526 et
844 1475 943 1546 ingens

209 1547 330 1598 Crinalsa
345 1546 429 1598 vittas
446 1548 563 1599 afflabat
577 1547 715 1599 anhelitus
728 1545 793 1597 oris.
1069 1550 1074 1557 '
1091 1554 1094 1561 ¹

207 1617 289 1669 Fessa
303 1614 401 1668 labore
412 1617 504 1686 fugae,
523 1619 576 1668 Fer
594 1634 686 1687 opem,
706 1612 914 1684 deprendimur,
931 1610 1061 1682 inquam,

206 1684 538 1755 Arnrigerae,·Dictynna.
555 1695 635 1739 tuae:
653 1685 698 1738 cui
712 1700 794 1752 saepe
810 1680 911 1733 dedisti
1070 1699 1074 1707 ·

138 1751 191 1815 620
207 1756 291 1806 Ferre
305 1763 367 1827 tuos
381 1772 470 1819 arcus,
488 1754 652 1824 inclusaque
669 1755 726 1807 tela
738 1752 877 1822 pharetra

207 1824 284 1883 Mota
296 1822 347 1875 osa
361 1833 410 1889 est,
433 1824 579 1893 spissisque
594 1826 688 1877 ferens
702 1840 718 1876 e
731 1821 852 1874 nubibus
865 1834 953 1872 unam
1038 1850 1042 1855 -

205 1892 252 1944 Me
270 1908 352 1961 super
363 1893 465 1946 iniecit.
489 1896 602 1945 Lustrat
613 1893 732 1964 caligine
745 1899 852 1943 tectam

206 1960 314 2013 Amnis:
334 1971 363 2013 et
375 1963 490 2033 ignarus
505 1963 614 2016 circum
627 1980 696 2015 cava
710 1960 809 2014 nubila
823 1957 942 2039 quaast,

206 2031 305 2100 Bisque
318 2031 423 2097 locum,
441 2049 497 2102 quo
510 2049 556 2085 rna
571 2033 624 2084 dea
636 2038 753 2094 texerat,
770 2030 872 2081 inscius
884 2025 983 2093 ambit,

137 2100 189 2159 625
206 2102 239 2151 Et
249 2100 301 2166 bis,
319 2103 350 2151 Io
364 2101 507 2167 Arethusa,
526 2106 555 2154 Ιο
570 2103 713 2166 Arethusa,
730 2097 849 2152 vocavit.

208 2168 281 2230 Quid
294 2169 364 2220 mihi
377 2178 444 2223 tunc
455 2172 540 2241 animi
555 2172 674 2224 miserae
686 2168 759 2221 fuit?
770 2183 842 2220 anne
853 2164 929 2235 quod
1019 2174 1093 2234 eest,

95 2256 103 2265 ·
207 2237 235 2289 si
248 2254 303 2308 qua
316 2238 397 2306 lupos
410 2240 487 2291 audit
500 2239 608 2292 circum
620 2239 729 2292 stabula
745 2237 803 2290 alta
814 2236 955 2289 fremente

205 2311 260 2358 Aut
271 2306 371 2376 lepori,
388 2309 435 2377 qui
447 2324 533 2377 vepre
544 2307 636 2362 latens
643 2309 753 2362 hostilia
766 2306 856 2359 cernit

206 2378 262 2428 Ora
275 2393 385 2440 canum,
401 2377 549 2448 nullosque
560 2378 646 2431 aud'et
659 2378 726 2430 dare
741 2391 862 2444 corpore
874 2373 988 2426 motus?
1014 2420 1016 2423 .

137 2445 191 2501 630
206 2446 270 2498 Non
283 2454 379 2498 tamen
393 2447 532 2499 abscedit:
550 2452 643 2518 'neque
657 2447 734 2499 enirn
744 2445 860 2514 vestigia
871 2443 965 2495 serait

206 2516 329 2586 Longius
338 2517 380 2567 ire
392 2516 515 2584 pedum:
534 2527 627 2569 servat
639 2517 798 2586 nubemque
810 2514 970 2581 locumque.

206 2587 329 2653 Occupat
342 2586 466 2637 obsessos
479 2586 566 2638 sudor
577 2586 646 2638 mihi
659 2585 776 2656 frigidus
790 2591 876 2648 mm,

207 2654 413 2723 Coeruleaeque
429 2654 534 2708 cadunt
545 2664 605 2708 toto
621 2656 657 2707 de
673 2669 793 2723 corpore
807 2661 912 2722 guttae.

207 2725 322 2791 Quaque
335 2724 437 2791 pedem
451 2724 534 2790 movi,
552 2721 648 2777 manat
659 2724 748 2776 lacus:
768 2738 838 2790 eque
852 2718 960 2788 capillis

137 2789 190 2847 635
208 2792 262 2842 Ros
280 2792 367 2847 cadit:
388 2801 415 2845 et
431 2794 522 2859 citius,
580 2812 625 2845 am
637 2811 713 2845 nunc
723 2792 776 2844 tihi
789 2791 864 2842 facte
876 2804 1005 2855 renarro,

206 2862 238 2910 ln
250 2859 363 2912 laticem
378 2871 482 2916 mutor.
506 2867 540 2913 Se
566 2858 649 2915 'enim
659 2860 804 2932 cognoscit
818 2867 925 2911 amatas

204 2929 300 2980 Amnis
312 2932 572 3001 nquna‚·poaitoque
583 2933 646 2997 viri,
721 2930 739 2981 d
752 2937 897 2993 sumserat,
915 2944 976 2994 ore,

205 2998 331 3049 Vertitur
344 2999 373 3049 in
390 3001 525 3068 proprias,
542 3010 575 3052 ut
586 3018 617 3054 se
635 3001 673 3052 m'
695 3001 705 3051 i
719 2999 844 3064 misceat,
860 2995 957 3051 undas.

207 3065 286 3117 Delia
296 3070 402 3136 rumpit
415 3069 541 3122 humum.
566 3071 661 3122 Cascis
673 3084 725 3138 ego
740 3084 832 3127 mersa
849 3065 975 3118 cavernis

138 3133 192 3192 640
208 3134 337 3188 Advehor
352 3139 492 3207 Ortygiam
502 3146 515 3191 ε’
528 3155 599 3208 qnae
612 3157 658 3191 me
672 3137 842 3209 cognomine,
854 3136 939 3187 Divae
992 3180 994 3183 .

207 3204 294 3256 Grata
310 3222 389 3257 meac
402 3223 513 3275 superas
527 3208 623 3260 eduxit
637 3208 729 3277 prima
744 3206 795 3258 suls
810 3221 900 3258 aurea.

243 3275 300 3325 Hac
312 3275 444 3326 Arethusa
456 3286 544 3329 tenus.
575 3279 707 3329 Geminos
719 3275 772 3327 dea
787 3273 889 3327 fertilis
901 3288 1006 3344 ungu&
1052 3263 1069 3347 ι,
1157 3282 1158 3285 ’

207 3341 339 3396 Curribus
352 3340 486 3413 aimovit,
503 3346 648 3417 frenisque
663 3345 791 3399 cuircuit
807 3361 865 3411 ora,
