2350 3834
139 241 202 305 182
406 240 437 294 P.
461 239 612 296 ov1n11
631 237 826 295 NASONIS

205 383 337 436 Torserat
349 381 475 436 adductis
490 382 600 436 hastilia
610 381 688 435 lenta
701 381 828 446 lacertis3

203 452 350 524 [Laudabat
362 453 442 524 virgo
454 453 581 505 iunctam
596 470 660 504 cum
673 452 778 504 viribus
792 459 890 505 artem.

136 520 173 579 80
206 521 340 590 Imposito
354 522 464 591 patulos
477 522 587 574 calamo
603 522 761 574 sinuaverat
773 538 866 587 arcus;

205 592 252 643 Sic
264 591 408 643 Phoebum
421 592 521 643 sumtis
532 592 645 644 iurabat
657 599 731 643 stare
744 590 860 661 sagittis.

205 659 276 712 Cum
287 676 354 713 vero
368 660 472 713 faciem
486 661 581 714 demto
595 659 751 713 nudaverat
764 676 838 725 aere,

204 729 417 800 Purpureusque
431 730 487 783 albi
501 730 594 782 stratis
607 729 725 801 insignia
739 728 822 798 pictis

205 799 298 869 Terga
308 800 455 868 premebat
469 801 547 872 eqni,
565 799 780 870 spumantiaque
793 812 843 850 ora
855 794 988 868 regebat3

136 865 172 926 86
204 866 258 920 Vix
270 884 338 936 sua,
353 868 399 922 vix
410 883 493 921 sanae
505 870 583 940 virgo
597 868 692 920 Niseia
704 883 822 936 compos

205 937 306 990 Mentis
322 946 392 992 erat.
426 938 501 991 Felix
516 938 654 1004 iaculum,
673 936 747 1007 quod
760 941 889 1007 tangeret
902 933 961 1000 ille,

204 1009 339 1077 Quaeque
354 1024 441 1060 manu
453 1015 611 1077 premeret,
629 1006 725 1059 felicia
737 1006 820 1058 frena
833 1003 962 1059 vacabas.
1059 1040 1064 1046 ·

204 1078 328 1145 Impetus
341 1086 383 1129 est
395 1076 452 1145 illi,
464 1077 549 1130 liceat
560 1076 662 1143 modo,
675 1076 752 1128 ferre
765 1087 818 1144 per
830 1079 940 1145 agmen⁴
985 1083 988 1089 '

205 1144 353 1216 Virgineus
364 1146 465 1198 hostile
480 1147 595 1227 gradus:
615 1155 657 1198 est
667 1146 788 1214 impetus
799 1142 850 1208 illi,

137 1211 173 1272 40
204 1213 339 1267 Turribus
356 1231 371 1268 e
385 1232 501 1268 uunmrs
513 1217 545 1268 in
561 1214 666 1268 Gnosia
677 1216 792 1268 mittere
806 1227 907 1281 corpus

207 1284 317 1356 Castra3
334 1284 380 1336 vel
393 1293 501 1337 aeratas
512 1286 587 1337 hosti
600 1284 746 1337 recludere
761 1291 872 1352 portas3
894 1349 896 1352 v

205 1351 259 1405 Vel
274 1352 378 1423 siquid
392 1354 481 1405 Minos
496 1354 571 1407 aliud
584 1354 660 1409 velit.
697 1356 789 1423 thue
801 1350 916 1404 sedehat

205 1420 329 1474 Candida
340 1423 450 1474 Dictaei
464 1433 591 1491 spectans
606 1422 728 1475 tentoria
742 1438 773 1473 re
796 1420 829 1484 's3

206 1492 319 1556 Laeter,
332 1491 385 1555 ait,
399 1491 547 1546 doleamne
560 1493 620 1564 geri
632 1439 807 1544 lacrimabili
818 1488 934 1552 bellum,

138 1553 174 1610 45
206 1561 240 1612 In
256 1559 340 1613 dubio
353 1568 404 1612 est.
439 1561 542 1629 Doleo,
562 1562 638 1631 quod
651 1562 739 1614 Minos
749 1559 836 1612 hostis
850 1555 1018 1610 amantiest.

206 1628 261 1681 Sed
274 1629 328 1681 nisi
340 1630 415 1682 bella
428 1629 539 1699 forent,
557 1647 626 1683 num
666 1630 695 1682 id
707 1629 777 1682 mihi
789 1627 917 1698 cognitus
932 1624 1024 1679 esset?

206 1700 253 1750 Me
266 1708 362 1752 tamen
372 1709 491 1769 accepta
503 1709 614 1769 poterat
646 1715 767 1769 eponere
778 1697 886 1750 bellum

210 1767 325 1820 Obside:
344 1785 390 1821 me
405 1770 552 1834 comitem,
570 1786 617 1822 me
631 1771 707 1839 pacis
721 1769 822 1839 pignus
835 1766 949 1818 habere.

208 1836 252 1904 si,
272 1854 344 1917 quae
356 1847 384 1889 te
396 1839 508 1908 genuit,
525 1839 602 1905 talis,
620 1838 791 1909 pulcerrime
802 1852 917 1900 rerum,-

139 1898 175 1955 50
208 1905 305 1969 Quahs
318 1924 346 1960 es
359 1907 433 1977 ipse,
451 1908 521 1974 fuit3
538 1909 640 1961 merito
654 1908 721 1960 deus
737 1907 804 1959 arsit
818 1906 847 1957 in
861 1904 922 1959 illa.

163 2014 166 2020 .
209 1977 244 2027 0!
264 1992 316 2054 ego
329 1984 373 2029 ter
384 1977 466 2044 felix,
484 1978 507 2029 si
519 1979 618 2046 pennis
628 1978 704 2046 lapsa
715 1993 767 2046 per
779 1991 859 2027 auras

209 2046 341 2097 Gnosiaci
351 2046 456 2115 possim
471 2048 567 2099 castris
578 2047 707 2099 insistere
719 2046 808 2116 regis3

206 2116 346 2184 Fassaque
359 2132 419 2183 me,
436 2116 622 2185 flammasque
637 2131 728 2183 meas,
746 2130 802 2185 qua
814 2113 893 2176 dete,
910 2127 1056 2186 rogarem,

207 2182 299 2235 Vellet
312 2185 380 2236 emi!
397 2194 510 2236 tantum
521 2185 626 2254 patrias
639 2202 677 2237 ne
690 2191 820 2254 posceret
832 2196 919 2238 arces.

140 2246 175 2302 65
208 2254 280 2305 Nam
293 2262 410 2321 pereant
420 2255 515 2322 potius
527 2262 638 2323 sperata
649 2254 765 2318 cubilia,
840 2250 936 2303 maim

104 2318 109 2331 '
207 2321 371 2374 Proditione
384 2331 498 2391 potens:
516 2323 643 2393 quamvis
657 2339 737 2394 saepe
786 2322 792 2334 ’
807 2320 909 2374 evinci

206 2390 328 2444 Victoris
340 2391 445 2459 placidi
456 2392 528 2445 fecit
543 2393 693 2445 clementia
707 2391 811 2445 multis.
866 2413 869 2424 ·

208 2464 285 2513 Iusta
297 2461 371 2531 gerit
382 2470 458 2514 certe
469 2479 524 2531 pro
539 2471 606 2514 natu
619 2462 695 2515 bella
708 2467 853 2532 peremto:

48 2571 57 2598 s
208 2533 242 2583 Iu
255 2547 393 2601 causaque
405 2530 492 2594 valet;
510 2548 678 2602 causamque
687 2530 828 2583 tuentibus
840 2529 934 2594 armis,

140 2590 176 2648 60
209 2603 248 2651 Ut
263 2608 348 2670 puto,
366 2600 519 2654 vincemur.
554 2601 609 2665 Qui
624 2602 647 2653 si
659 2609 757 2652 manet
768 2598 855 2652 eritm
867 2597 977 2662 urbem,

211 2671 266 2721 Cur
276 2687 341 2721 suus
353 2670 424 2723 haec
433 2670 475 2722 illi
488 2670 624 2723 reserabit
636 2670 749 2723 moenia
760 2670 878 2735 Mavors,

209 2740 244 2790 Et
257 2756 320 2796 non.
328 2748 424 2791 noster
435 2740 531 2793 amori
549 2740 649 2793 melius
660 2741 719 2791 sine
731 2738 831 2803 caede,
848 2749 996 2806 moraque,

109 2821 119 2846 κ
209 2811 393 2878 Impensaque
406 2810 448 2861 sui
459 2809 565 2878 poterit
577 2823 709 2879 superare
723 2808 840 2861 cruoris.

210 2880 302 2940 Quam
314 2886 409 2930 metuo
425 2887 519 2947 certe,
535 2896 572 2931 ne
588 2879 650 2950 quis
661 2887 712 2931 tua
723 2886 854 2948 pectora,
871 2875 969 2941 Minos,

140 2937 177 2998 65
209 2945 344 2999 Vulneret
357 2947 531 3018 imprudens!
550 2950 612 3018 quis
621 2947 700 3001 enim
711 2955 770 2999 tam
782 2946 874 3011 dirus,
890 2953 924 2996 ut
935 2944 965 2995 in
975 2951 1008 2996 te

208 3015 335 3087 Dii-igere
349 3016 501 3083 immitem,
517 3017 573 3069 nisi
584 3018 709 3082 nescius,
725 3015 827 3069 audeat
838 3012 967 3067 hastam?
992 3055 996 3062 .

211 3085 315 3154 Coepta
327 3086 456 3155 placent,
474 3095 502 3139 et
515 3095 571 3138 stat
584 3086 721 3139 sententia
733 3084 846 3138 tradere
858 3098 970 3136 mecum

210 3154 342 3207 Datalem
352 3155 486 3223 patriam,
501 3156 645 3226 finemque
659 3156 804 3225 imponere
814 3153 900 3207 hello.

212 3224 317 3276 Verum
329 3223 401 3276 velle
412 3241 513 3293 parurn
523 3234 571 3279 est.
606 3224 701 3278 Aditus
713 3223 841 3277 custodia
850 3229 955 3275 servat:

142 3286 179 3341 70
211 3292 391 3361 Claustraque
401 3302 547 3361 portarum
558 3296 669 3364 genitor
680 3302 776 3346 tenet:
791 3293 867 3348 hunc
877 3308 930 3365 ego
939 3291 1031 3346 solem

211 3360 311 3415 Infelix
320 3362 423 3417 timeo:
439 3363 515 3415 solus
525 3380 591 3418 mea
602 3372 668 3417 vota
680 3371 816 3418 moratur.
