2350 3834
150 210 216 275 181
311 262 342 275 ,.
394 207 834 265 ,18118118188818
868 280 871 289 1

220 344 489 424 Praecipitata'ruit:
507 353 669 422 pariterque
682 361 710 405 et
721 350 847 422 pondere
863 360 891 404 et
903 352 963 407 ictu

220 424 323 494 Mergit
334 425 364 475 in
378 424 436 479 11118
448 433 553 488 18181111
572 440 638 476 oum
651 439 706 492 qua
721 439 786 491 pars
801 437 906 490 magna
916 424 1042 479 virorum

222 494 443 563 Gurgiteqiressa
456 496 545 564 gravi,
562 509 655 562 neque
665 493 696 547 in
708 495 775 543 ae'ra
790 490 908 555 reddita,
926 493 988 546 fato

221 565 327 614 Functa
339 580 389 619 suo
402 571 452 617 cst.
476 563 529 615 Alii
541 571 634 629 partes
648 570 676 614 et
686 560 815 613 membra
830 560 943 615 carinae

153 633 205 686 560
221 634 334 683 Trunca
346 640 452 685 tenent.
477 635 566 685 Tenet
573 632 633 701 ipse
647 648 742 696 mauu,
760 646 815 699 qua
831 639 942 698 sceptra
957 632 1071 699 solebat,
1141 672 1142 718 ¹

220 701 370 771 Fragmina
381 701 484 772 navigii
499 704 586 769 Ceyx:
606 716 792 768 socerumque
808 707 975 770 patremque
1141 726 1142 731 ¹

219 774 345 838 Invocat,
363 771 432 825 heu!
451 771 563 823 frustra
587 769 642 822 Sed
657 764 778 837 plurima
792 767 884 819 nantis
895 770 925 821 in
939 787 990 824 ore
1140 760 1142 831 1

220 839 364 908 Halcyone
376 841 486 895 coniux.
510 840 593 891 Illam
604 838 788 907 meminitque
798 836 959 907 refertque:
1141 836 1142 909 l

176 943 180 952 ·
220 908 296 960 Illius
308 919 374 963 ante
385 910 484 962 oculos
495 919 526 963 ut
538 918 624 979 agant
635 924 686 963 sua
699 900 818 975 corpori
830 907 944 975 fluctus,
1141 914 1142 963 l

151 976 203 1035 565
222 981 313 1047 Optat,
331 987 361 1031 et
368 979 501 1031 exanimis
515 979 642 1031 manibus
656 976 812 1031 tumuletur
823 976 930 1029 amicis.
1141 970 1142 991 ¹

220 1049 294 1100 Dum
308 1057 394 1113 natat,
416 1048 568 1112 absentem,
581 1046 690 1117 quoties
702 1044 768 1097 sinit
780 1045 890 1097 hiscera
903 1046 1018 1116 fluctus,

219 1117 354 1170 Nominat
366 1118 537 1185 Halcyoocn,
558 1116 681 1185 ipsisque
692 1116 893 1169 immurmurat
907 1116 998 1174 undis.

221 1188 294 1239 Ecce
308 1203 392 1256 super
403 1187 513 1241 medios
527 1187 630 1239 1188188
642 1185 724 1255 niger
736 1200 817 1237 arcus
832 1201 972 1252 aquarum

219 1259 292 1307 Fran
315 1256 379 1320 181,
397 1266 426 1308 81
436 1266 520 1325 rupta
532 1271 656 1307 mersum
669 1263 755 1322 caput
768 1253 862 1305 obruit
875 1255 959 1312 unda.

152 1325 205 1379 570
221 1273 336 1379 11881111
348 1326 489 1393 obscurus,
507 1342 561 1379 neo
572 1341 657 1395 qtiem
671 1338 841 1393 cognoscere
856 1339 961 1393 posses,

220 1394 274 1447 1118
288 1402 371 1446 nocte
384 1394 454 1447 fuit:
474 1394 666 1467 quoniamque
681 1390 817 1447 excedere
831 1391 949 1463 Olympo

221 1465 286 1518 Non
297 1463 387 1528 licuit,
405 1463 497 1517 densis
512 1464 580 1517 texit
593 1480 643 1515 sua
657 1461 778 1515 nubibus
789 1476 849 1515 818.
944 1470 956 1501 -’

256 1532 348 1584 Aeolis
359 1532 468 1587 interea
480 1541 626 1587 tantorum
639 1533 739 1602 ignara
752 1530 895 1585 melorum
949 1592 953 1601 ί

149 1660 151 1663 ,
221 1603 386 1655 Dinumeret
395 1611 509 1655 noctes:
527 1611 556 1654 et
567 1603 634 1668 iam,
651 1618 720 1670 quas
733 1599 830 1653 induat
843 1599 900 1667 1118,

154 1670 205 1726 675
223 1673 344 1724 Festinat
359 1680 458 1737 vestes,
475 1672 532 1725 iam
548 1689 626 1741 quas,
644 1671 692 1722 ubi
706 1670 813 1723 venerit
825 1669 884 1735 ille,
913 1700 914 1703 =

222 1745 283 1810 Ipsa
297 1750 390 1810 gerat:
408 1740 571 1811 reditusque
579 1741 634 1795 sihi
643 1740 783 1808 promittit
795 1739 902 1791 inanes.

223 1811 357 1862 Omnibus
368 1809 418 1862 illa
430 1811 545 1880 quidem
556 1810 667 1879 Superis
679 1809 725 1877 pia
738 1817 802 1860 tura
813 1807 938 1878 ferehat3
1030 1870 1032 1876 ι

223 1884 294 1935 Ante
307 1889 404 1933 18111811
418 1889 537 1933 cunctos
549 1879 661 1932 Iunonis
677 1878 783 1946 templa
796 1876 920 1944 colebat,

169 1992 173 2000 ,
221 1950 330 2019 Proque
342 1949 413 2016 8118,
430 1949 478 2019 qui
490 1949 584 2002 nullus
595 1957 665 2015 erat,
682 1947 812 2000 veniebat
824 1945 859 1999 ad
872 1964 944 2016 aras,

154 2019 207 2073 580
224 2023 315 2087 thue
328 2019 405 2073 foret
414 2036 508 2088 sospes
521 2019 622 2071 coniux
637 2034 711 2079 suus,
730 2025 817 2086 utque
828 2016 944 2082 rediret,

223 2089 351 2156 optabat,
370 2088 532 2157 nullamque
545 2088 599 2141 sibi
611 2087 776 2155 praeferret.
804 2094 840 2136 81
853 2086 894 2139 illi

222 2160 283 2209 1188
298 2157 333 2209 (18
344 2165 389 2209 tot
401 2159 472 2209 votis
483 2166 596 2225 poterat
607 2156 770 2225 contingere
787 2155 885 2209 solum.

256 2231 291 2277 at
303 2227 355 2278 (188
367 2244 427 2278 11811
440 2226 514 2278 ultra
527 2244 579 2294 pro
594 2225 695 2277 functo
710 2233 802 2279 morte
817 2224 912 2293 rogari

141 2316 145 2325 Δ
180 2324 182 2330 1
225 2293 360 2358 Sustinetss
378 2303 464 2376 utque
478 2313 577 2347 manus
591 2295 714 2347 funestus
728 2303 822 2353 arceat
837 2293 901 2359 aris,

154 2363 205 2425 585
224 2365 272 2429 Iri,
289 2380 381 2431 meae,
399 2364 477 2430 1111111,
495 2364 630 2419 fidissima
644 2363 741 2415 nuntia
757 2363 845 2426 vocis,

223 2435 287 2486 Vise
301 2434 486 2515 soporiferam
498 2434 594 2485 Somni
612 2432 746 2487 velociter
757 2432 863 2496 aulam,

194 2524 208 2557 ι
222 2503 399 2574 Extinctrque
414 2503 480 2556 iube
492 2502 590 2572 Ceycis
601 2501 724 2572 imagine
737 2502 831 2557 mittat

224 2574 338 2625 Somnia
351 2574 387 2625 ad
399 2572 570 2641 Halcyonen,
587 2589 669 2625 veros
682 2572 826 2624 narrantia
837 2584 927 2625 casus.

143 2654 152 2685 5
222 2642 345 2696 Dixerat
367 2643 495 2695 Induitur
509 2642 649 2695 velamina
664 2641 742 2692 mille
755 2640 886 2693 colorum
959 2690 963 2693 ,

155 2706 207 2766 590
223 2709 284 2777 Iris,
302 2720 458 2782 sterquato
467 2712 585 2765 coelum
596 2711 758 2763 curvamine
774 2710 885 2779 signans

224 2782 395 2851 Tectapetit
409 2782 477 2834 iussi
489 2782 540 2834 sub
553 2797 622 2849 rupe
633 2780 750 2833 latentia
764 2780 848 2848 regis.

258 2852 305 2902 Est
317 2867 407 2920 prope
421 2850 585 2903 Cimmerios
596 2849 681 2920 longo
695 2849 828 2918 spelunca
838 2860 961 2909 recessu,

223 2920 303 2971 Mons
320 2936 412 2985 cavus,
430 2920 523 2990 ignavi
538 2916 636 2972 domus
650 2928 679 2979 et
692 2918 848 2987 penetralia
860 2913 974 2967 Somnir

177 3025 180 3029 ·
225 2991 287 3050 Quo
302 3005 448 3057 nunquam
461 2988 545 3041 radiis
558 2989 661 3053 oriens,
679 2988 833 3053 mediusve,
852 2983 989 3037 cadensve

156 3050 207 3110 595
223 3056 350 3111 Phoebus
366 3055 442 3109 adire
457 3056 557 3125 potest„
573 3057 700 3110 Nebulae
715 3056 835 3126 caligine
850 3053 948 3107 mistae

225 3125 395 3181 Exluslantur
404 3126 501 3194 humo,
518 3126 676 3196 dubiaeque
690 3125 854 3194 crepuscula
865 3122 945 3175 lucis.

227 3193 291 3245 Non
302 3194 370 3264 rigil
378 3194 440 3246 alas
454 3195 494 3247 ibi
504 3196 614 3249 cristati
625 3193 751 3248 oantssrus
767 3195 823 3247 oris

196 3296 200 3307 .
226 3263 332 3315 Evocat
345 3268 497 3317 Auroramz
512 3281 568 3316 nec
579 3282 650 3317 voce
661 3264 771 3317 silentia
781 3267 917 3331 rumpunt

227 3330 378 3385 sollicitive
393 3350 485 3404 canes,
502 3333 654 3387 8881118818
665 3333 793 3405 sagacior
808 3348 900 3387 anser.
962 3378 965 3381 .
