2350 3834
115 198 179 265 ιω
384 198 417 252 1².
439 194 802 253 ov1n11rusorus

113 349 168 406 820
183 345 282 412 afflat,
300 351 330 398 et
340 342 370 396 in
382 340 478 396 vacuis
489 342 597 414 spargit
608 341 713 396 ieiunia
725 342 812 398 venis.

182 419 345 483 Functaque
358 411 491 466 mandato
504 413 660 468 iocundum
675 413 778 466 deserit
790 412 899 484 orbem,

182 489 271 554 Inque
285 483 383 535 domos
395 483 506 550 inopes,
531 491 640 534 assueta
650 483 803 536 revertitur
814 499 891 537 arva.

181 554 264 607 Lenis
276 553 369 604 adhuc
381 568 494 603 somnus
502 551 620 620 placidis
631 551 822 605 Erisichthona
834 553 934 621 pennis

182 622 333 694 Mulceirat.
367 621 440 672 Petit
452 619 500 671 ille
507 621 591 689 dapes
604 621 655 692 sub
668 620 791 692 imagine
801 623 905 677 somni:
998 653 1001 660 ⁴
1028 625 1032 640 '

113 695 165 750 825
184 696 292 761 Oraque
302 708 375 743 vana
386 699 491 756 movet,
518 689 686 759 dentemque
700 690 731 743 in
746 690 829 743 dente
839 691 954 764 fatiget:

180 765 353 829 Exercetque
367 760 431 812 cibo
450 758 576 811 delusum
590 769 688 840 qutun
705 758 799 812 inani:

181 833 292 899 Proque
305 830 392 898 epulis
405 837 505 881 tenues
518 829 624 898 nequid
663 846 709 882 am
728 829 843 882 devorat
860 845 951 884 auras.

179 903 218 950 Ut
232 915 299 951 vero
315 908 358 950 est
378 898 493 967 expulsa
504 899 598 968 quies;
624 846 699 951 qpuit
709 898 796 951 ardor
812 897 927 952 edendi:

182 969 291 1038 Perque
305 967 399 1020 avidas
412 968 518 1034 fauces,
536 968 727 1037 immensaque
738 968 845 1021 viscera
861 976 970 1039 regnat.

111 1035 165 1093 830
180 1039 240 1091 Nec
250 1055 345 1089 mora:
377 1038 453 1107 quod
467 1045 578 1105 pontus,
596 1037 674 1106 quod
687 1045 773 1103 terra,
791 1035 868 1107 quod
881 1038 983 1092 educat
994 1037 1060 1106 adr,

124 1113 128 1122 '
179 1108 289 1170 Poscit3·
311 1115 339 1159 et
351 1107 482 1176 appositis
494 1107 623 1176 queritur
640 1106 744 1158 ieiunia
763 1107 881 1160 mensis:

98 1244 100 1248 s
179 1180 268 1246 Inque
280 1177 369 1246 epulis
382 1176 477 1246 epulas
495 1176 618 1245 quaerit:
636 1175 770 1245 quodque.
780 1176 896 1229 urbibus
910 1192 979 1244 esso,

181 1245 318 1316 Quodque
333 1245 398 1296 satis
415 1243 647 1315 populopoterat,
657 1262 716 1297 non
724 1244 830 1298 sufficit
840 1245 904 1299 uni:

178 1315 298 1385 Plusque
312 1314 398 1383 cupit}
416 1332 473 1383 quo
486 1314 570 1394 plura
582 1331 661 1366 suam
679 1314 807 1367 demissio
816 1315 846 1366 in
862 1314 967 1371 alvum.

111 1382 163 1440 835
180 1389 272 1454 thue
284 1383 392 1435 fretum
406 1383 509 1451 recipit
522 1381 557 1435 de
573 1382 643 1435 dota
654 1384 773 1436 flumina
785 1392 870 1450 terra,

177 1455 237 1506 Nec
249 1452 367 1504 satiatur
382 1453 469 1521 aquis,
486 1452 705 1523 peregrinosque
718 1452 806 1526 ebibit
819 1469 932 1517 emnem

178 1526 271 1591 thue
284 1538 369 1590 rapax
381 1521 453 1592 ignis
466 1538 524 1574 non
535 1538 660 1591 unquam
674 1521 810 1575 alimenta
820 1530 942 1587 recusat,

178 1593 340 1644 Innumeras
380 1591 502 1644 etrsbes
519 1600 636 1657 cremat,
655 1599 691 1656 et,
714 1592 865 1671 qitocopie
879 1592 971 1646 maior

177 1663 225 1711 Est
237 1660 311 1727 data,
328 1678 347 1729 p
359 1677 410 1713 ura
420 1661 501 1728 petit,
517 1661 658 1730 turbaque
671 1660 802 1713 voracior
814 1677 877 1729 ipsa
892 1669 948 1726 est;

109 1727 164 1791 840
181 1729 227 1782 Sic
242 1730 336 1798 epulas
348 1747 445 1782 omnes
457 1729 658 1782 Erisichthonis
673 1746 724 1781 ora
736 1729 848 1798 profani
863 1773 866 1778 ,

177 1798 335 1867 Accipiunt,
353 1807 526 1868 poscuntque
537 1799 631 1854 simul.
657 1799 738 1851 Cibus
749 1799 841 1852 omnis
853 1798 882 1850 in
897 1797 947 1852 ilio
1031 1851 1033 1856 .

179 1870 267 1920 Causa
279 1868 336 1920 cibi
351 1877 409 1922 est:
439 1884 604 1938 semperque
616 1868 696 1922 locus
708 1867 843 1922 uticanis
856 1867 975 1922 edendos

178 1940 293 2009 Iamque
308 1939 385 1990 fame
395 1936 499 2007 patrias
511 1938 617 2007 altique
629 1937 762 2006 voragine
772 1937 878 1990 ventrio

176 2011 343 2060 Attenuarnt
356 2021 438 2077 opes:
454 2006 504 2058 sed
515 2007 689 2062 inattenuata
700 2006 834 2060 manebas
874 2053 879 2058 .

109 2073 162 2134 846
178 2078 251 2128 Tum
268 2092 389 2147 quoque,
416 2076 590 2140 diraiarnes3
615 2075 840 2146 implacataeque
852 2073 966 2145 vigebat

177 2145 304 2198 Flamma
315 2145 407 2215 quiae.
441 2145 575 2206 Tandem,
600 2144 719 2198 demisso
739 2145 888 2198 inviscera
902 2160 998 2215 censu,

177 2215 249 2269 Filia
265 2214 399 2281 restabat,
415 2231 473 2265 non
485 2213 536 2266 illo
550 2213 635 2283 digna
646 2221 772 2282 parente.
1024 2253 1032 2272 -‚
1161 2267 1162 2272 ,

177 2284 257 2336 Hanc
276 2300 388 2353 proque
402 2282 498 2334 vendit
508 2283 599 2352 inops.
624 2282 776 2340 Dominum
811 2297 928 2338 onerose
939 2295 1081 2342 rectum
1161 2307 1162 2342 i

175 2354 211 2405 Et
222 2352 314 2405 vicina
326 2369 389 2404 suas
398 2351 515 2404 tendens
531 2368 614 2420 super
626 2368 749 2422 aequora
766 2370 784 2423 p
814 2368 883 2419 mas,

109 2419 162 2476 850
177 2422 259 2491 Eripe
275 2439 321 2474 me
336 2421 460 2488 domino,
483 2421 532 2489 qui
543 2429 641 2489 raptae
654 2421 781 2490 praemia
789 2422 869 2475 nobis

131 2528 138 2535 -
178 2491 353 2563 virginitatis
366 2491 460 2555 habes,
486 2490 539 2545 ait:
574 2491 645 2544 haec
658 2493 801 2560 Neptunus
814 2489 951 2555 habebam
978 2511 985 2524 ⁴

178 2563 233 2623 Qui
246 2578 331 2631 prece
341 2578 398 2613 non
412 2567 514 2629 spreto,
538 2560 764 2630 quamvis'modo
782 2559 841 2614 visa
854 2560 984 2640 sequenti

176 2631 254 2683 Esset
265 2631 344 2697 hero,
367 2631 546 2699 formamque
560 2640 654 2694 novat,
671 2630 835 2700 vultumque
852 2628 963 2684 virilem

177 2699 280 2765 Induit,
299 2709 327 2753 et
341 2700 432 2754 cultus
447 2699 554 2768 piscem
568 2700 741 2767 capientibus
753 2709 840 2769 aptos.

109 2763 161 2824 855
177 2771 257 2830 Hanc
268 2769 399 2826 dominus
414 2778 551 2838 spectans,
575 2767 658 2838 oqui
676 2767 827 2836 pendentia
839 2783 927 2837 parvo

177 2842 250 2890 Aera
263 2838 326 2891 cibo
344 2839 427 2905 cales,
449 2837 612 2891 moderator
629 2837 782 2905 arundinis,
800 2837 899 2907 inquit,

178 2907 223 2960 Sic
237 2924 318 2960 mare
327 2907 523 2976 compositum,
549 2907 637 2960 eiecit
651 2906 704 2959 titi
715 2906 799 2975 piscis
809 2905 839 2958 in
851 2904 928 2960 unde

178 2976 320 3042 Greduhu,
339 2986 368 3029 et
382 2976 482 3041 nullos,
494 2976 547 3028 nisi
561 2977 640 3041 ἥκω,
656 2976 758 3029 sentiat
767 2976 883 3042 hamon

178 3050 256 3110 Quae
269 3045 355 3104 modo
367 3063 434 3099 cum
447 3045 495 3097 vili
506 3047 626 3100 turbatis
639 3054 716 3104 veste
734 3045 842 3115 capillis

66 3165 87 3212 l
109 3114 161 3170 860
176 3115 393 3237 Ifiittolplpinthoc
404 3123 529 3197 steterat,
550 3122 755 3238 naerptistanpoens
765 3116 803 3196 ⁸in
813 3112 994 3238 Ηηοτίνὶάὶ,

203 3201 229 3236 rc
281 3202 395 3237 1s12n
451 3202 584 3238 eennnr
665 3202 682 3236 a
723 3202 742 3237 n
773 3199 897 3240 usnemun

126 3299 128 3306 .
176 3252 229 3305 Illa
244 3252 290 3306 dei
306 3270 407 3308 munus
439 3270 491 3308 ene
508 3201 715 3307 cederesddtit:
742 3202 840 3310 gaso

178 3325 214 3377 80
226 3322 465 3396 quaerigaudens,
481 3322 524 3377 his
536 3331 720 3382 estresecuta
734 3331 897 3397 rogantem:
935 3370 940 3382 ,
