2350 3834
271 160 724 246 uturano'nenosaou
747 192 831 245 ans.
853 195 886 248 v.

89 337 224 393 Manibus
233 344 288 390 :·et
299 335 380 390 laevo
394 352 561 390 mucronem
573 344 703 406 tempore
715 336 787 410 figit.
842 346 844 355 '

90 408 239 473 Concidit,
258 416 287 459 et
300 406 393 477 digitis
406 406 589 459 morientibus
603 406 651 459 ille
664 416 786 460 retentat

90 477 155 529 Fila
167 472 263 545 lyrae,
282 493 403 545 casuque
416 476 492 528 canit
505 475 664 528 miserabile
680 494 804 530 carmen.

89 549 158 599 Non
172 546 239 597 sinit
252 545 327 601 hunc
337 545 451 613 impune
461 545 542 601 ferox
554 545 686 598 cecidisse
700 549 868 617 Lycormas:

90 617 243 685 Raptaque
258 613 292 666 de
307 614 404 666 dextro
415 616 532 669 robusta
545 615 682 685 repagula
693 617 768 685 posti

92 684 208 736 Ossibus
222 683 308 735 illidit
320 683 428 736 mediae
441 684 566 737 cervicis·
602 690 637 735 At
646 684 696 737 illa

90 752 249 805 Procubuit
261 762 369 817 terrae,
387 755 502 805 mactati
516 769 596 805 more
611 752 732 808 iuvenci.

90 823 216 874 Demere
231 822 358 875 tentabat
370 821 442 874 laevi
457 839 568 892 quoque
581 822 686 875 robora
700 820 787 892 postis

92 891 246 960 Cinyphius
259 890 380 943 Pelates:
398 892 517 943 tentanti
533 892 647 944 dextera
659 892 715 943 fixa
730 900 771 945 est

92 960 215 1030 Cuspide
228 959 414 1015 Marmaridae
427 960 555 1029 Corythi,
572 960 706 1031 lignoque
721 960 853 1016 cohaesit.

91 1029 229 1082 Haerenti
241 1029 313 1082 latus
326 1029 419 1082 hausit
432 1031 516 1082 Abas:
534 1046 587 1082 nec
603 1030 710 1082 corruit
720 1028 777 1097 ille,

93 1098 150 1152 Sed
161 1098 302 1151 retinente
315 1116 430 1160 manum
444 1099 565 1151 moriens
579 1115 594 1150 e
608 1108 687 1167 poste
701 1098 844 1168 pependit.

93 1168 235 1220 Sternitur
250 1177 278 1220 et
291 1168 449 1234 Menalcas,
468 1167 579 1220 Perseia
593 1176 685 1220 castra
696 1178 817 1239 secutus,

92 1239 127 1289 Et
138 1238 335 1290 Nasamoniaci
348 1238 463 1306 Dorylas
478 1237 629 1289 ditissimus
642 1239 701 1308 agri
708 1254 716 1301 ;

92 1302 176 1359 Dives
191 1306 252 1377 agri
266 1307 397 1374 Dorylas:
417 1325 471 1377 quo
485 1324 543 1359 non
555 1307 718 1374 possederat
728 1306 802 1360 alter

91 1375 207 1441 Latius,
225 1384 277 1427 aut
285 1376 403 1428 totidem
418 1376 540 1429 tollebat
551 1375 636 1428 farris
648 1394 770 1432 acervos.

92 1445 183 1498 Huius
196 1445 226 1496 in
239 1445 356 1515 obliquo,
366 1446 483 1497 missum
499 1447 576 1498 stetit
588 1446 704 1516 inguine
718 1446 841 1498 ferrum:

92 1514 202 1567 Letifer
215 1513 264 1566 ille
277 1514 366 1567 heus.
402 1519 492 1577 Quem
505 1524 658 1584 postquam
671 1507 792 1567 vulneris
810 1523 910 1568 auctor
956 1560 959 1566 i

93 1580 301 1654 singultantem
314 1584 452 1648 animam,
471 1594 499 1637 et
512 1594 669 1636 versantem
680 1585 788 1636 lumina
802 1584 871 1636 vidit

92 1653 221 1705 Bactrius
233 1652 416 1721 Halcyoneus,
434 1657 504 1718 Hoc,
522 1655 599 1723 quod
611 1653 722 1722 premis,
739 1654 840 1722 inquit,
858 1652 972 1708 habeto.
1008 1655 1059 1712 135

92 1723 133 1774 De
145 1729 193 1774 tot
207 1723 281 1792 agris
292 1732 398 1775 terrae:
416 1740 573 1804 corpusque
589 1739 669 1774 ersan
691 1740 726 1775 ue
738 1722 861 1792 reliquit.

92 1793 221 1861 Torquet
233 1791 265 1843 in
275 1792 350 1843 hunc
361 1792 469 1844 hastam
484 1793 576 1846 calido
592 1792 626 1844 de
639 1809 676 1843 vu
708 1806 755 1843 ere
772 1802 886 1861 raptam

94 1860 177 1913 Ultor
190 1860 373 1927 Abantiades,
389 1863 483 1914 media
498 1879 570 1932 quae
584 1877 653 1913 nare
667 1870 780 1929 recepta

93 1930 210 1982 Cervice
222 1939 323 1982 exacta
338 1941 393 1996 est,
410 1932 441 1983 in
455 1942 603 2000 partesque
617 1929 723 1982 eminet
737 1931 842 1984 ambas.

93 2000 226 2069 Dumque
238 2016 354 2051 manum
369 2003 491 2051 Fortuna
502 2001 594 2060 iuvat;
613 1998 818 2068 Clytiumque,
832 1998 993 2071 Claninque,
1007 2000 1059 2058 140

93 2070 184 2120 Matre
199 2077 274 2123 satos
289 2085 359 2135 una,
379 2068 487 2121 diverso
502 2068 617 2120 vulnere
634 2068 717 2119 fudit.

92 2139 166 2190 Nam
179 2137 260 2205 Clytii
274 2154 324 2206 per
338 2148 489 2207 utrumque
522 2139 581 2189 ravi
596 2137 697 2189 librata
709 2136 817 2188 lacerto

92 2207 228 2259 Fraxinus
241 2217 303 2258 acta
317 2206 426 2259 femur:
444 2157 570 2259 iaculum
583 2206 673 2259 Clanis
690 2224 739 2259 ore
757 2205 918 2262 momordit

94 2276 206 2328 Occidit
220 2285 249 2327 et
260 2275 384 2327 Celadon
400 2276 571 2329 Mendesius:
589 2276 695 2329 occidit
707 2282 829 2343 Astreus,

93 2348 183 2398 Matre
202 2344 371 2410 Palaestina,
386 2345 476 2398 dubio
492 2347 621 2416 genitore
637 2354 761 2398 creatus:
1007 2346 1057 2402 145

93 2414 271 2483 Aethionque
284 2431 368 2484 sagax
381 2415 523 2484 quondam
536 2424 652 2467 ventura
666 2415 770 2480 videre,

93 2485 175 2536 Nunc
189 2500 241 2535 ave
255 2482 386 2552 deceptus
401 2483 487 2537 salsa:
504 2483 633 2562 regisque
647 2484 785 2535 Thoactes

93 2552 240 2622 Armiger,
261 2560 289 2604 et
300 2570 381 2604 caeso
397 2555 524 2622 genitore
536 2553 648 2604 infamis
661 2559 787 2622 Agyrtes.

93 2621 157 2673 Plus
171 2630 270 2672 tamen
286 2621 416 2674 exhausto
431 2631 570 2690 superest:
587 2638 710 2691 namque
723 2619 853 2672 omnihus
864 2638 953 2676 unum

94 2691 260 2760 opprimere
274 2698 315 2742 est
329 2692 445 2743 animus.
483 2691 632 2741 Coniurata
644 2689 766 2759 undique
780 2701 907 2759 pugnant
1006 2695 1057 2750 150

92 2759 212 2831 Agmina
221 2776 281 2828 ,pro
296 2777 396 2825 causa,
416 2759 551 2811 meritum
565 2759 748 2829 impugnante
760 2759 911 2829 fidemque.

93 2831 153 2881 Hac
167 2847 219 2898 pro
233 2839 312 2898 parte
326 2845 406 2881 socer
423 2829 527 2880 frustra
540 2828 616 2898 pius,
636 2839 665 2881 et
678 2846 751 2881 nova
764 2831 866 2881 coniux

94 2899 165 2949 Cum
177 2897 320 2970 genetrice
333 2898 443 2963 favent,
461 2897 626 2967 ululatuque
642 2898 712 2949 atria
729 2899 879 2968 complent.

93 2967 148 3019 Sed
161 2985 246 3019 sonus
260 2982 403 3019 armorum
419 2972 545 3034 superat,
564 2969 744 3038 gemitusque
758 2969 924 3022 cadentum:

92 3037 275 3106 Pollutosque
286 3038 375 3089 semel
390 3035 480 3088 rnulto
496 3036 608 3088 Bellona
621 3040 737 3089 Penates
1005 3036 1054 3090 15⁵

91 3106 234 3175 Sanguine
250 3105 408 3175 perfundit,
426 3115 616 3174 renovataque
632 3106 737 3176 praelia
747 3105 854 3159 miscet.

92 3176 245 3227 Circueunt
258 3190 347 3226 unum
360 3176 490 3240 Phineus,
510 3184 537 3226 et
552 3175 631 3227 mille
645 3175 734 3227 secuti
779 3224 783 3229 .

90 3244 205 3299 Phinea.
240 3244 308 3295 Tela
320 3244 416 3296 volant
429 3243 545 3295 hiberna
557 3246 692 3314 grandine
709 3242 791 3365 plura

90 3316 207 3366 Praeter
218 3321 370 3384 utramque
382 3314 471 3381 latus,
488 3324 658 3384 praeterque
673 3322 702 3366 et
725 3329 824 3377 umen,
843 3316 974 3362 etiamen
