2350 3834
232 204 235 210 ’
258 207 695 270 ΜΕΤΑΜΟΒΡΗΟὸΕΟΝ
714 212 797 271 ma.
817 213 865 269 vt.
979 216 1022 281 98

81 353 197 427 Virgine
212 353 244 407 in
258 354 355 408 Aeolia
368 354 467 436 posuit.
488 357 531 408 Tu
546 355 619 409 visus
635 356 752 427 Enipeus

83 425 179 495 Gignis
194 423 321 488 Alciden
338 441 408 476 anes
424 424 553 476 Bisaltida
568 425 651 479 fallis.

81 497 116 546 Et
132 503 171 562 te,
187 494 262 545 flava
279 510 383 559 comas,
398 492 512 563 frugum
524 494 671 547 mitissima
685 504 786 566 mater,

83 563 175 614 Sensit
192 579 312 632 equum3
328 570 357 614 te
373 564 457 613 sensit
470 579 550 615 avem
566 563 666 616 crinita
682 564 804 619 colubris
947 603 953 614 .

82 633 175 683 Mater
191 631 257 701 equi
272 630 405 696 volucris;
423 630 507 683 sensit
522 631 652 701 delphina
666 632 817 689 Melantho.
974 640 1026 698 ιω

84 700 218 751 Omnibus
234 699 276 751 his
291 699 449 769 faciemque
465 716 559 768 suam,
576 701 735 771 faciemque
749 702 878 758 locorum

82 768 223 821 Reddidit.
240 772 287 820 Est
300 767 359 820 illic
375 769 489 838 agrestis
505 768 626 839 imagine
639 768 781 834 Phoebus3

83 841 177 906 thue
193 837 278 889 modo
293 836 433 905 accipitris
448 854 560 905 pennas,
576 837 662 894 modo
678 846 758 907 terga
768 838 856 894 leonis

84 905 221 958 Gesserit:
238 914 271 957 ut
286 914 380 974 pastor
395 905 553 958 Macareida
568 905 665 957 luserit
679 909 769 972 Issen3

83 974 168 1027 Liber
183 983 217 1026 ut
231 973 369 1045 Erigonen
384 973 454 1025 falsa
471 974 613 1042 deceperit
627 992 695 1026 uva:
908 1021 911 1027 i
974 981 1027 1039 125

84 1047 121 1094 Ut
137 1047 269 1094 Saturnus
286 1060 301 1094 e
342 1060 358 1095 o
374 1042 517 1112 geminum
534 1043 653 1094 Chirona
669 1041 781 1097 crearit

84 1111 191 1163 Ultima
205 1129 269 1180 pars
284 1120 297 1162 t
324 1128 366 1178 ae,
383 1112 460 1162 tenui
477 1111 649 1163 circumdata
664 1110 763 1179 limbo,

83 1180 225 1234 Nexilibus
240 1180 325 1232 flores
341 1180 457 1231 hederis
466 1179 550 1232 habet
565 1180 737 1233 intertextas.

117 1251 183 1302 Non
197 1248 268 1300 illud
283 1248 380 1311 Pallas,
396 1265 454 1300 non
469 1248 540 1300 illud
557 1265 670 1318 carpere
681 1247 765 1300 Livor

82 1319 172 1370 Possit
188 1334 266 1386 opus.
288 1318 383 1369 Doluit
397 1333 524 1369 successu
539 1318 614 1369 flava
629 1318 734 1387 virago,

83 1390 118 1439 Et
133 1386 210 1454 rupit
226 1385 324 1452 pictas,
342 1386 472 1438 coelestia
487 1387 612 1453 cmuuna,
629 1394 726 1439 vestes.

82 1458 177 1524 thue
194 1453 338 1522 Cytoriaco
355 1454 464 1505 radium
482 1455 516 1506 de
533 1464 628 1507 monte
644 1454 772 1518 tenebat3

83 1525 141 1575 Ter
157 1533 258 1592 quater
274 1522 414 1574 Idmoniae
430 1522 554 1575 frontem
565 1523 701 1591 percussit
714 1522 859 1579 Arachnes.

83 1595 155 1645 Nonv
167 1591 233 1643 tulit
249 1590 362 1655 infelix,
386 1591 543 1661 laqueoque
565 1592 690 1643 animosa
711 1590 809 1660 ligavit

83 1663 214 1713 Gutture.
238 1658 407 1711 Pendentem
423 1660 509 1711 Pallas
527 1660 657 1712 miserata
673 1659 783 1725 levavit,
980 1662 1030 1722 185

14 1786 16 1789 ,
83 1733 174 1798 Atque
190 1730 245 1792 ita,
263 1729 331 1783 Vive
348 1728 475 1796 quidem,
493 1728 583 1797 pende
605 1737 717 1793 tamen,
740 1727 878 1800 improba,
895 1729 976 1787 dixit:

14 1812 16 1827 ¹
83 1800 197 1866 Lexque
214 1793 312 1848 eadem
327 1813 446 1864 poenae,
462 1814 499 1849 ne
514 1797 550 1848 sis
566 1813 665 1849 secura
685 1796 790 1864 futuri,
818 1859 821 1864 y

83 1866 168 1918 Dicta
184 1875 236 1918 tuo
253 1865 363 1935 generi,
380 1865 502 1933 serisque
518 1866 664 1933 nepotibus
689 1874 756 1920 esto·

84 1937 150 1987 Post
167 1950 201 1986 ea
219 1933 360 1985 discedens
375 1934 463 1985 succis
484 1934 648 1988 Hecateidos
664 1932 768 1986 herbae

85 2003 207 2073 Spargitz
225 2011 253 2054 et
270 2001 404 2070 extemplo
422 2001 494 2053 tristi
510 2002 712 2054 mendicamine
732 2011 825 2056 tactae
980 2005 1031 2064 140

83 2073 233 2125 Defluxere
250 2086 356 2134 comae,
374 2087 493 2139 cumque
509 2071 551 2123 his
569 2079 597 2121 et
612 2072 687 2123 naris
705 2078 732 2122 et
749 2072 837 2124 auris:

84 2143 129 2194 Fit
169 2157 184 2191 e
201 2149 286 2209 caput
301 2138 458 2204 minimum,
474 2148 590 2208 totoque
606 2140 635 2191 in
653 2156 770 2207 corpore
786 2157 874 2209 parva
888 2149 939 2198 est.

84 2214 117 2262 In
130 2159 223 2261 iibere
241 2207 311 2259 exile
328 2207 406 2275 digiti
421 2224 473 2275 pro
491 2208 617 2259 eruribus
633 2208 763 2262 haerent:

86 2282 204 2331 Caetera
220 2285 317 2330 venter
332 2276 431 2327 habet:
449 2275 482 2328 de
500 2287 555 2346 quo
572 2286 667 2329 tamen
683 2276 732 2328 illa
749 2276 869 2331 remittit

83 2352 210 2413 stamen,
228 2355 256 2398 et
273 2345 398 2413 antiquas
416 2355 524 2397 exercet
540 2362 643 2398 aranea
655 2345 733 2399 telas.
980 2347 1030 2406 145

24 2449 26 2454 .
119 2415 207 2483 Lydia
220 2423 284 2465 tota
299 2413 406 2465 fremit:
423 2413 611 2484 Phrygiaeque
627 2431 679 2483 per
694 2412 795 2482 oppida
811 2414 885 2473 facti⁴

84 2487 196 2538 Rumor
210 2484 247 2549 it,
271 2491 299 2533 et
315 2498 344 2532 m
400 2499 450 2533 um
465 2484 636 2535 sermonibus
653 2490 771 2549 occupat
787 2484 894 2538 orbem.

86 2558 158 2607 Ante
175 2569 237 2604 suos
253 2550 342 2603 Niobe
358 2560 370 2601 t
390 2550 493 2602 alamos
511 2559 679 2620 cognoverat
694 2550 781 2614 illam,

86 2624 162 2684 Turn
179 2637 244 2672 cum
260 2620 415 2671 Maeoniam
430 2618 508 2688 virgo
526 2618 703 2688 Sipylumque
720 2618 842 2672 colebat:
866 2649 869 2653 ·

86 2694 147 2745 Nec
164 2699 259 2742 tamen
275 2688 474 2748 admonita‘est
489 2704 580 2755 poena
595 2686 736 2755 popularis
752 2687 890 2742 Arachnes
980 2694 1031 2750 150

88 2759 194 2811 Cedere
211 2756 373 2820 Coelbibus,
390 2755 535 2825 verbisque
551 2755 703 2808 minoribus
719 2755 770 2809 uti.

87 2828 180 2881 Multa
196 2827 299 2891 dabant
314 2824 429 2877 animos.
465 2824 609 2876 Sedenim
627 2842 679 2876 nec
696 2825 819 2897 coniugis
837 2835 917 2900 artes,

86 2900 150 2951 Nec
187 2912 252 2947 enus
269 2894 423 2960 amborum,
440 2893 587 2964 magnique
603 2894 726 2962 potentia
741 2893 829 2965 regni,
907 2903 910 2908 “

87 2966 136 3017 Sic
151 2913 283 3032 piacuere
298 2962 348 3029 illi,
366 2962 487 3032 quamvis
505 2971 653 3028 eacuncta
665 2962 822 3032 placebant,

87 3038 129 3085 Ut
146 3049 196 3083 sua
210 3031 370 3102 progenies3
389 3041 416 3082 et
431 3030 590 3087 felicissima
605 3040 728 3084 matrum
982 3031 1031 3089 155

86 3102 172 3154 Dicta
188 3101 262 3152 foret
275 3100 373 3166 Niobe,
390 3100 413 3151 si
428 3118 483 3151 non
500 3101 552 3151 sibi
567 3100 625 3167 risa
638 3100 743 3156 fuisset.
987 3101 992 3115 '

87 3173 164 3223 Nam
182 3178 240 3221 sata
255 3169 368 3234 Tiresia,
385 3170 494 3221 venturi
509 3168 640 3236 praescia,
658 3172 751 3223 Manto

87 3241 146 3290 Per
161 3238 265 3289 medias
278 3237 380 3301 fuerat,
397 3236 488 3287 divino
506 3237 615 3289 concita
629 3247 716 3303 motu,

87 3305 248 3359 Vaticinata
263 3306 333 3374 rias:
350 3305 507 3371 Ismenides,
523 3306 562 3358 ite
578 3305 747 3377 frequentes,

134 3385 211 3434 orio.
231 3386 266 3436 ΙΙ.
814 3385 829 3436 I
