2350 3834
161 176 186 251 ἶ
254 220 913 308 narsnoaraosaonmart
998 193 1002 200 ’

83 372 166 439 Isque
179 367 265 421 deum
276 369 386 438 pecoris
399 379 535 440 spectans,
553 375 584 423 ln
596 371 696 439 iudice,
714 374 790 442 diste,
807 403 809 406 v

82 439 167 491 Nulla
181 455 263 490 mora
277 448 327 496 est,
352 440 470 496 Calamis
483 441 637 511 agrestibus
651 443 834 501 insonatillet

83 508 291 577 barbaricoque
305 509 398 562 Midan
415 510 600 575 (aderarnam
613 511 687 566 forte
702 516 826 585 canenti)

83 578 215 630 Carmine
226 577 339 632 delenit.
362 581 427 631 Post
440 580 516 632 hunc
528 595 608 631 sacer
620 598 669 633 ora
683 585 795 635 retorsit

82 646 199 699 Tmolus
212 646 248 697 ad
262 664 292 699 os
306 647 425 720 Phoebi:
442 649 550 701 vultum
562 666 611 700 sua
626 650 694 704 silva
706 662 801 707 secuta
814 662 865 711 eet.

83 714 133 768 llle
146 721 232 784 caput
248 716 354 770 flavum
368 716 448 770 lauro
461 717 608 769 Parnaside
622 719 732 772 vinctus

81 784 177 836 Verrit
189 785 307 837 humum
318 786 541 854 Tyrioxsaturata
553 787 662 846 murice
676 789 766 856 palla:

82 857 306 925 Instructamqtie
315 855 402 907 tidem
414 856 534 926 gemmis
547 865 575 908 et
587 855 716 912 dentibus
726 859 802 913 Indis
848 883 850 887 ·

82 924 206 974 Sustinet
217 941 233 977 a
245 924 342 978 laeva:
358 926 449 977 tenuit
463 937 562 977 manus
577 924 666 978 altera
683 927 832 994 plectrum.

81 992 205 1045 Artificis
219 1002 306 1046 status
319 994 451 1063 ipsefuit.
470 997 543 1046 Tum
556 995 675 1047 stamina
684 996 769 1049 doato

81 1061 188 1114 Pollice
203 1062 346 1115 sollicitat:
366 1080 486 1133 quorum
501 1063 650 1116 dulcedine
662 1074 758 1134 captus

81 1132 157 1183 Pana
169 1131 247 1183 iubet
258 1131 372 1184 Tmolus
386 1132 509 1185 citharae
522 1132 687 1185 submittere
702 1152 814 1191 caunas.

81 1200 222 1253 Iudicium
236 1202 383 1271 sanctique
396 1201 490 1270 placet
501 1203 640 1254 sententia
654 1203 754 1255 montis

82 1270 225 1322 Omnibus.
250 1273 384 1341 Arguitur
394 1279 497 1335 tamen,
517 1280 601 1339 atque
613 1271 715 1324 iniusta
727 1283 844 1329 rosano

81 1339 169 1391 Unius
181 1356 311 1392 sermone
323 1340 423 1392 Midae.
448 1343 507 1392 Nec
525 1340 618 1394 Delius
632 1358 713 1394 aures

80 1410 242 1461 Humanam
255 1409 368 1461 stolidas
382 1410 489 1477 patitur
500 1410 623 1461 retinere
638 1410 774 1480 figuram3

81 1477 136 1529 Sed
146 1477 233 1528 trahit
245 1476 274 1528 in
287 1480 416 1545 spatium,
434 1478 562 1547 villisque
574 1478 733 1532 albentibus
742 1481 851 1552 implet,

80 1546 283 1617 Instabilesque
298 1548 356 1599 imo
369 1548 447 1614 facit,
467 1557 495 1600 et
508 1548 648 1667 datposse
660 1551 775 1605 moveri.

81 1618 197 1667 Caetera
207 1625 272 1667 sunt
284 1617 420 1669 heminis:
437 1626 547 1685 partem
580 1626 710 1670 amnatur
722 1618 753 1671 in
765 1636 859 1691 unam,

80 1685 266 1754 Induiturque
277 1702 357 1738 aures
369 1686 446 1738 lente
459 1686 611 1755 gradientis
627 1686 713 1742 aselli.
757 1730 760 1735 .

115 1754 166 1806 Ille
181 1755 296 1824 quidem
308 1755 389 1818 celat,
408 1755 539 1823 turpique
554 1765 670 1821 onerata
682 1756 791 1825 pudore

80 1825 223 1892 Tempora
237 1823 383 1892 purpureis
395 1833 485 1876 tentat
495 1823 589 1876 velare
600 1824 687 1880 tiaris·

80 1893 145 1955 Sed,
163 1892 262 1945 solitus
274 1892 373 1963 longos
386 1894 463 1948 ferro
479 1910 608 1945 resecare
623 1892 753 1962 capilloa‚·
825 1920 832 1932 ·

79 1962 199 2014 Viderat
208 1962 264 2014 hoc
277 1963 407 2015 famulus.
426 1961 490 2027 Qui,
503 1975 567 2022 cum
580 1978 634 2014 neo
647 1963 767 2031 prodere
775 1964 866 2022 visum

80 2032 208 2083 Dedecus
224 2030 348 2094 auderet,
368 2033 482 2099 cupiens
496 2032 596 2083 efferre
612 2032 663 2086 sub
677 2049 767 2099 auras,

80 2103 139 2153 Nec
151 2109 247 2169 posset
256 2101 376 2153 reticere
389 2110 499 2165 tamen3
517 2101 629 2165 secedit,
646 2101 821 2172 humumque

80 2170 194 2235 Effodit,
213 2178 250 2233 et,
269 2169 375 2222 domini
389 2170 484 2239 quales
499 2170 654 2237 adspexerit
663 2188 754 2239 arrres,

80 2241 156 2291 Voce
166 2238 259 2292 refert
270 2256 362 2307 parva,
379 2248 527 2307 terraeque
539 2239 738 2293 immurmurat
751 2240 886 2300 haustaes

80 2308 275 2377 Indiciumque
293 2325 359 2360 strae
371 2308 447 2361 vocis
459 2308 562 2360 tellure
575 2326 606 2361 re
627 2311 685 2361 rita

70 2377 192 2442 Obruit,
212 2386 240 2429 et
253 2377 399 2430 scrobibus
409 2377 513 2429 tacitus
525 2326 644 2430 discedit
655 2378 767 2446 opertis.

80 2447 186 2498 Creber
200 2446 380 2499 arundinibus
389 2446 520 2499 tremulis
534 2445 573 2497 ibi
588 2464 706 2517 surgere
714 2447 796 2501 lucus
831 2497 836 2502 .

80 2516 193 2584 Coepit3
213 2524 250 2581 et,
268 2525 301 2568 ut
333 2516 437 2567 rimam
449 2516 533 2583 pleno
546 2516 682 2567 maturuit
694 2533 776 2581 anno,

79 2585 211 2637 Prodidit
218 2534 381 2655 agricolam.
405 2585 474 2637 Leni
486 2601 553 2635 narn
565 2592 657 2635 motus
670 2585 704 2636 ab
718 2589 818 2637 Austro

80 2654 189 2706 Obruta
199 2651 286 2708 rerba
299 2654 402 2718 refert;
420 2652 582 2721 dominique
596 2653 724 2722 coarguit
738 2670 830 2705 aures.

114 2722 198 2775 Ultus
213 2724 272 2775 abit
284 2723 393 2782 Tmolo,
410 2720 603 2791 liquidumque
614 2738 666 2789 per
678 2725 744 2773 adra
758 2721 854 2777 vectus

78 2797 238 2863 Angustum
249 2792 319 2846 citra
334 2800 453 2861 pontum
464 2790 650 2858 Nepheleidos
663 2790 756 2844 Helles

78 2861 297 2915 Laomedonteis
310 2864 423 2914 Latoius
435 2855 542 2911 adstitit
556 2858 639 2914 arvis.

79 2933 202 2984 Dextera
218 2932 301 3001 Sigei,
318 2930 435 2982 Rhoetei
446 2929 528 2981 laeva
539 2928 671 2997 profundi

79 3005 136 3052 Ara
146 3001 342 3069 Panomphaeo
353 3008 431 3052 vetus
445 3006 486 3050 est
499 3007 608 3050 sacrata
621 2996 749 3054 Tonanti.

79 3069 149 3122 Inde
159 3086 250 3124 novae
262 3069 385 3138 primum
398 3067 493 3122 moliri
506 3068 618 3122 moenia
630 3068 730 3121 Troiae

78 3139 275 3192 Laomedonta
285 3138 369 3203 videt,
386 3146 571 3206 susceptaque
583 3154 685 3207 magna
694 3137 793 3195 labore

80 3207 349 3274 Crescere'difficili‚
366 3222 420 3259 nec
435 3223 500 3275 opes
514 3222 663 3275 exposcere
675 3223 783 3276 parvas

80 3279 208 3348 Cumque
220 3276 405 3346 tridentigero
415 3275 516 3327 tumidi
527 3276 655 3345 genitore
669 3273 802 3345 profundi
871 3337 876 3342 ι

78 3347 232 3418 Menatem
243 3341 369 3398 indrutur
383 3345 521 3416 tormam3
537 3345 712 3416 Phrygioque
724 3354 841 3414 tyranno

122 3442 201 3480 ortu.
214 3424 252 3478 11.
758 3423 785 3477 R
