2350 3834
122 217 166 281 74
383 217 423 273 e.
444 216 808 300 ov1u11uasou1s
869 234 873 241 Α

189 368 326 435 Tempus,
342 363 420 430 Mla,
437 363 546 431 reniet,
563 372 614 416 tua
666 380 682 415 o
746 363 861 417 liabitur
875 381 944 417 auro

122 437 174 496 645
191 438 296 489 Arbor:
315 443 345 486 et
357 435 433 486 huno
446 434 568 504 praedae
578 435 603 485 ti
666 450 696 483 m
720 450 772 485 ove
785 442 865 485 natus
878 433 1001 489 habebit.

189 507 223 560 Id
234 513 376 570 metuens,
394 503 489 556 solidis
501 504 630 572 pomaria
643 503 781 554 clauserat
793 503 869 554 Atlas
927 520 934 547 s

190 574 350 640 Moenibus,
369 581 396 625 et
410 582 489 625 vasto
504 573 621 624 dederat
632 572 767 623 servanda
778 571 909 626 draconi:

191 644 368 712 Arcebatque
379 642 435 693 suis
450 650 578 694 externos
591 640 695 692 finibus
707 658 812 693 omnes.

190 713 261 765 Huic
276 728 402 782 quoque,
419 712 497 763 Vade
527 710 624 774 rocul‚
642 727 679 762 ne
690 709 774 780 longe
789 706 1003 780 gloriaremur,

121 770 174 841 660
191 787 265 844 Quas
279 780 421 847 mentiris,
439 729 594 850 aitsiouge
609 779 663 831 tibi
675 781 780 847 Iupiter
791 780 881 832 absit.v

191 852 310 920 Vimque
323 849 406 902 minis
419 849 512 916 addit,
529 850 693 918 foribusque
707 848 845 917 expellere
861 856 952 900 tentat

163 951 166 954 «
192 923 401 985 (ἴηηοιαηῒοηι,’
411 926 439 970 et
449 918 568 989 placidis
581 919 745 970 miscentem
757 918 843 969 fortia
854 917 944 971 dictis.
1045 942 1048 949 ·

191 989 304 1041 Viribus
317 989 452 1055 inferior,
471 989 532 1058 quis
548 987 624 1039 enim
636 1004 688 1055 par
703 996 773 1039 esset
787 987 892 1038 Atlanti

171 1084 175 1091 ’
192 1058 323 1112 Viribus?
345 1064 380 1110 At
395 1059 529 1127 quoniam
542 1058 622 1125 parvi
634 1056 687 1108 tibi
702 1056 793 1127 gratia
805 1063 901 1108 nostra
912 1063 972 1121 est3

123 1130 175 1186 655
193 1128 297 1198 Accipe
309 1144 423 1192 munus,
442 1127 498 1179 ait:
514 1127 649 1195 laevaque
662 1143 680 1176 a
695 1135 773 1193 parte
787 1125 919 1177 Medusae

191 1203 253 1267 Ipse
263 1204 435 1249 retroversus
447 1195 602 1265 squalentia
612 1195 739 1264 prodidit
751 1211 809 1247 ora.

194 1274 320 1332 Quantus
337 1274 413 1331 erat,
430 1282 511 1317 mons
523 1265 616 1316 factus
629 1264 711 1315 Atlas.
729 1264 786 1315 iam
799 1263 888 1315 barba
903 1276 1062 1334 comaeque

170 1350 179 1357 ‘
191 1341 224 1390 In
235 1336 318 1387 silvas
331 1335 450 1386 abeunt:
458 1335 535 1403 iuga
546 1342 610 1384 suat
622 1333 787 1402 humerique
798 1348 971 1401 manusque:

156 1448 160 1457 .
194 1404 277 1469 Quod
290 1412 376 1473 caput
388 1413 452 1455 aute
464 1403 527 1470 fuit,
546 1419 656 1454 summe
672 1403 756 1453 estin
770 1410 868 1453 monte
879 1418 1035 1457 cacumen:

122 1477 176 1532 660
193 1480 261 1526 Ossa
271 1472 342 1541 lapis
357 1472 438 1525 fiunt.
462 1474 534 1523 'lum
547 1481 640 1540 partes
652 1480 747 1523 auctus
761 1471 791 1522 in
804 1487 901 1522 onmes

193 1543 285 1596 Crevit
296 1542 326 1594 in
338 1542 520 1603 immersum3
545 1541 587 1592 sic
600 1542 629 1592 dl
641 1540 788 1602 statuistis3
807 1548 837 1591 et
849 1556 933 1593 omne
975 1576 979 1581 -

193 1616 263 1666 Cum
275 1620 318 1664 tot
329 1610 466 1664 sideribus
476 1610 591 1663 coelum
603 1611 742 1679 requievit
752 1609 781 1660 in
794 1608 854 1662 illo.
918 1636 921 1643 ,

230 1681 372 1735 Clauserat
382 1680 552 1749 Hippotades
564 1687 680 1731 aeterno
695 1695 810 1730 carcere
823 1685 934 1732 ventos:

194 1750 414 1819 Admonitorque
428 1766 544 1817 operum
556 1748 636 1800 coelo
651 1747 819 1799 clarissimus
833 1747 891 1799 alto

124 1824 176 1880 665
194 1820 308 1874 Lucifer
321 1828 398 1871 ortus
412 1827 481 1881 erat.
507 1818 607 1870 Pennis
619 1816 690 1886 ligat
701 1817 750 1868 ille
764 1815 897 1868 resumtis
979 1854 983 1857 »

195 1894 277 1943 Parte
292 1889 327 1941 ab
339 1897 458 1957 utraque
472 1888 574 1956 pedes,
592 1885 705 1954 teloque
719 1885 876 1956 accingitur
891 1902 981 1939 unco:

194 1963 230 2013 Iit
243 1959 264 2010 li
306 1958 379 2009 ‘dum
394 1959 478 2009 motis
490 1956 626 2009 talaribus
640 1959 706 2006 aera
722 1954 811 2006 findit.
907 1978 910 1990 1

196 1976 330 2081 Gentffiis
343 2025 497 2078 innumeris
509 2027 673 2092 circumque
688 2024 818 2093 infraque
829 2022 944 2091 relictis,

196 2098 362 2167 Aethiopum
378 2096 511 2165 populos,
530 2095 652 2162 Cepheia
665 2093 801 2162 conspicit
811 2109 887 2147 arva.
908 2114 909 2117 ¹

125 2169 178 2223 670
195 2167 256 2220 Illic
268 2165 439 2218 immeritam
452 2173 595 2215 maternae
610 2163 733 2242 pendere
744 2162 857 2232 liuguae

196 2235 393 2289 Andromedan
405 2249 509 2303 poenas
519 2232 636 2283 immitis
651 2232 768 2285 iusserat
780 2237 913 2285 Ammon.

198 2310 289 2370 Quam
299 2303 383 2356 simul
395 2303 431 2354 ad
441 2302 525 2354 duras
536 2300 683 2370 religatum
697 2299 813 2352 brachia
827 2310 923 2354 cautes

197 2375 275 2429 Vidit
285 2372 463 2435 Abantiades3
482 2370 534 2422 nisi
547 2370 624 2439 quod
635 2368 702 2421 levis
716 2386 784 2421 aura
795 2370 912 2439 capillos

196 2447 337 2508 Moverat,
356 2454 385 2493 et
394 2440 506 2508 trepido
518 2439 670 2490 manabant
680 2437 787 2491 lumina
798 2439 878 2503 fletu,

127 2514 179 2569 675
196 2516 387 2566 Marmoreum
399 2519 477 2561 ratus
490 2517 562 2560 earet
575 2525 660 2577 opus3
676 2508 765 2559 trahit
777 2508 880 2560 inscius
896 2507 992 2578 ignes:

201 2586 236 2634 Et
246 2590 351 2651 stupet;
366 2583 411 2645 et,
428 2578 503 2631 visae
519 2587 666 2645 correptus
679 2577 801 2647 imagine
813 2577 933 2645 formae,

197 2654 289 2704 Paene
302 2666 364 2702 suas
376 2657 494 2718 quatere
506 2657 548 2699 est
561 2647 664 2698 oblitus
676 2646 706 2697 in
721 2650 786 2699 a'e're
798 2656 912 2715 pennas.

199 2724 237 2772 Ut
246 2720 339 2785 stetit,
357 2721 392 2770 θ’.
412 2717 494 2782 dixit,
511 2734 570 2769 uon
581 2716 641 2767 istis
654 2715 737 2786 digna
749 2716 863 2783 catenis,

199 2789 252 2842 Sed
268 2788 367 2858 quibus
376 2787 454 2838 inter
466 2803 494 2837 se
507 2786 602 2854 cupidi
615 2786 746 2855 iungatur
755 2794 896 2847 amantem
968 2812 971 2815 Δ

129 2859 183 2914 680
198 2858 291 2909 Pande
303 2856 457 2925 requirenti
469 2872 574 2906 nomen
587 2863 736 2923 terraeque
750 2863 897 2924 tuumque,

199 2931 234 2981 Et
249 2943 300 2979 our
311 2925 404 2977 vincla
415 2940 505 2995 geras.
530 2923 624 2975 Primo
637 2923 701 2974 silet
710 2923 773 2985 illa,
791 2941 844 2976 nec
859 2921 945 2975 audet

199 2995 346 3116 Appellare
356 2995 449 3046 virum
459 2994 553 3063 virgo:
571 2992 758 3061 manibusque
768 2991 911 3045 modestos

199 3068 236 3118 Ge
248 3073 319 3117 asset
328 3063 437 3127 uultus,
455 3063 479 3114 si
491 3078 549 3113 non
562 3062 682 3130 religata
692 3061 798 3117 fuisset.
1047 3114 1049 3119 ,

198 3134 332 3200 Lumina,
351 3132 426 3202 quod
437 3131 545 3212 potuit,
562 3129 686 3182 lacrimis
695 3131 824 3199 implevit
835 3128 951 3185 obortis.
1059 3168 1062 3175 -

130 3205 183 3262 685
201 3207 236 3256 Sa
272 3202 462 3264 insinuante,
479 3217 529 3251 sue
541 3216 578 3251 ne
595 3199 698 3251 delicta
713 3200 798 3253 fateri

201 3275 244 3325 No
269 3287 284 3322 e
298 3270 455 3332 videretur,
470 3284 574 3320 nomen
588 3279 738 3338 terraeque
751 3284 897 3337 suumque,
940 3263 944 3272 ’

201 3343 368 3411 Quantaque
380 3346 525 3392 maternae
537 3338 625 3393 fuerit
636 3338 740 3393 fiducia
751 3339 871 3406 formae,
894 3398 895 3401 Ἴ
