2350 3834
240 188 697 274 neranoa'euosaon
717 219 803 274 ars.
822 219 900 275 xm
984 219 1049 283 aas

90 365 197 418 Sentiet
211 378 269 416 esse
280 361 351 415 milri
364 372 443 432 tanto
455 379 508 432 pro
522 379 644 433 corpore
656 363 738 417 vires.

89 435 205 488 Viscera
219 433 281 485 viva
291 432 412 500 traham,
427 432 588 502 divulsaque
601 434 730 487 membra
745 448 903 507 peragras,
997 439 1050 492 860
1075 492 1078 501 ¹

89 505 198 574 Perque
211 511 274 554 tuas
287 518 425 572 spargam,
439 502 478 554 sic
493 519 523 555 se
533 503 583 555 tibi
597 503 721 568 misceat,
739 503 837 560 undas.

88 576 164 626 Uror
176 571 259 638 enim,
271 571 417 641 laesusque
432 580 571 623 exaesasat
582 572 675 623 acrius
685 572 771 643 ignis:

89 645 216 712 cumque
227 641 283 693 suis
295 635 392 693 videor
404 639 571 692 transsatam
583 641 688 692 viribus
702 647 841 704 Aetnam.

87 712 207 776 Pectore
217 709 293 763 ferre
307 727 387 762 mea:
401 726 455 761 nec
468 718 509 775 tu,
523 709 647 775 Galatea,
660 710 791 763 moveris.
880 736 892 749 κ

87 780 168 834 Talia
181 779 372 850 nequidquam
384 786 505 848 maestus,
520 794 587 830 nam
602 786 705 831 casncta
716 778 859 849 videbam,

32 878 36 887 ·
88 850 185 921 Surgit
197 867 205 901 t
217 857 246 901 et
257 857 289 900 ut
299 858 407 915 taurus,
421 864 508 900 vacca
519 847 687 900 furibundus
703 847 824 917 ademta,
853 860 856 869 ¹

87 923 169 971 Stare
183 918 290 988 nequit,
301 917 426 987 silvaque
440 925 469 968 et
481 917 556 969 notis
570 916 686 968 saltibus
702 925 791 980 errat3

89 989 159 1040 Cum
171 987 249 1039 ferus
260 987 382 1057 ignaros,
396 1003 449 1038 nec
463 985 617 1055 quidquam
629 985 687 1036 tale
700 986 843 1053 timentes,

87 1059 133 1110 Me
144 1055 221 1110 videt
232 1066 261 1108 at
302 1072 318 1107 e
332 1054 410 1120 Acin,
421 1055 574 1125 Videoque,
587 1050 734 1121 exclamat,
749 1063 777 1107 et
788 1056 841 1108 ista

87 1127 197 1179 Ultima
207 1125 254 1191 ait,
281 1125 380 1191 aciem,
394 1124 497 1177 Veneri
512 1123 666 1176 concordia
678 1133 796 1178 vestrae.

87 1197 233 1265 Tantaque
245 1212 308 1263 vox,
324 1201 458 1265 quantam
472 1193 685 1262 cyclopsiratua
702 1193 808 1245 habers
833 1198 835 1201 ’

87 1264 198 1330 Debuit,
210 1263 258 1315 illa
270 1264 333 1318 fuit.
353 1264 481 1315 Clamore
491 1262 654 1331 perhorruit
666 1268 764 1316 Aetne.

87 1337 137 1386 Ast
151 1350 204 1404 ego
215 1333 306 1385 vicino
317 1333 467 1402 pavefacta
479 1333 669 1401 subsequere
683 1348 807 1400 mergor.
835 1373 837 1378 .

87 1405 180 1473 Terga
191 1401 276 1474 fugae
291 1402 407 1454 dederat
418 1416 551 1454 conversa
564 1401 736 1470 Symaethius
747 1402 840 1466 heroa,

85 1475 130 1539 Et,
141 1475 195 1524 Fer
207 1488 299 1542 opem,
312 1470 435 1536 Galatea,
449 1486 560 1540 precor,
574 1470 658 1523 mihi:
674 1470 747 1522 ferte
761 1477 902 1540 parantes,

85 1543 209 1605 Dixerat,
224 1549 253 1593 et
264 1542 362 1593 vestris
374 1541 531 1609 periturum
546 1540 685 1607 admittite
695 1540 798 1610 regnis.

85 1610 245 1691 Insequitur
258 1610 385 1679 Cyclops,
399 1618 564 1681 partemque
579 1617 705 1661 emente
718 1609 860 1662 reuulsam

85 1680 190 1744 Mittin
203 1687 235 1732 et
247 1688 386 1732 extremus
398 1678 523 1748 quamvis
535 1678 664 1746 pervenit
678 1677 714 1729 ad
727 1677 810 1730 illum

85 1748 212 1820 Angulus
226 1764 328 1812 esaxo,
342 1756 436 1801 tatum
447 1755 545 1799 tamen
558 1746 653 1798 obruit
664 1746 746 1814 Acin,

85 1823 122 1871 At
133 1819 195 1884 nos,
212 1817 287 1888 qued
300 1817 391 1869 solum
405 1816 469 1868 fieri
481 1814 605 1884 pariata
618 1816 732 1882 licebat,

84 1887 224 1949 Fecimus,
237 1895 269 1938 ut
280 1886 353 1938 vires
367 1885 525 1937 adsumeret
537 1884 600 1936 Acis
612 1885 709 1939 avitas.

83 1955 222 2009 Puniceus
235 1955 270 2007 de
281 1954 357 2008 mole
368 1971 454 2007 cruor
462 1954 607 2019 manabat,
625 1961 656 2006 et
668 1954 746 2006 intra

83 2025 233 2095 Temporis
249 2025 379 2095 exigutun
392 2023 481 2076 rubor
493 2038 659 2081 evanescere
673 2022 780 2092 caepit:

84 2095 186 2165 Fitque
200 2093 280 2146 color
292 2093 385 2163 primo
398 2091 504 2145 turbati
515 2092 639 2144 fluminis
650 2091 752 2157 imbre,
840 2120 841 2123 =

83 2166 278 2234 Purgaturque
292 2171 382 2216 mora.
399 2165 472 2214 Tum
486 2161 575 2213 moles
589 2162 682 2219 fracta
697 2158 827 2227 dehiscit,

85 2230 211 2303 Vavaque
225 2248 276 2302 per
287 2231 383 2297 rimas,
397 2246 573 2300 proceraque
587 2230 677 2302 surgit
691 2228 814 2283 arundo:

85 2306 179 2373 Osqua
194 2316 294 2354 cavum
305 2301 364 2353 sari
377 2309 459 2355 senat
470 2299 670 2353 exsultantibus
684 2299 782 2365 undis3
828 2334 834 2343 ι

83 2372 213 2441 Miraque
224 2386 279 2437 res,
297 2369 388 2423 subito
401 2366 586 2422 mediatenus
602 2369 706 2422 exstitit
719 2369 783 2421 alvo

84 2441 227 2493 incinctus
239 2438 344 2491 iuvenis
361 2439 441 2491 flexis
452 2457 525 2491 nava
539 2455 645 2491 cornua
656 2438 760 2503 cannia
856 2460 859 2463 ·

84 2511 150 2577 Qui,
164 2508 308 2578 nisiqnod
319 2508 419 2573 maier,
433 2508 509 2577 quad
522 2516 584 2560 tato
599 2504 727 2560 caermus'
745 2522 795 2558 ore
809 2513 859 2569 est,

84 2580 147 2632 Acis
161 2586 230 2632 erat.
248 2578 302 2629 Sed
313 2576 354 2628 sic
365 2593 477 2646 qiioque
492 2585 553 2628 etat
565 2585 663 2628 tamen
675 2576 738 2628 Acis
750 2576 781 2626 in
794 2588 908 2627 manem

84 2650 197 2714 Versus,
208 2655 238 2699 et
251 2645 399 2714 antiquum
411 2654 563 2697 tenuerunt
574 2645 694 2698 flumina
707 2660 820 2699 nomen.

119 2718 245 2769 Desierat
258 2714 375 2767 Galatea
389 2714 482 2783 loqui,
496 2723 636 2784 coetuque
648 2714 741 2766 soluto

82 2786 247 2852 Discedunt,
261 2783 434 2853 placidisque
446 2790 544 2834 natant
559 2784 694 2836 Nereides
709 2781 800 2835 undis.
859 2817 864 2827 ·

83 2856 177 2924 Scylla
189 2853 278 2907 redit:
292 2868 384 2922 neque
396 2853 471 2905 enim
482 2851 577 2905 medio
592 2870 621 2906 se
633 2853 748 2905 credere
759 2860 848 2922 ponto

82 2925 190 2979 Audet:
207 2933 234 2975 et
246 2931 294 2975 aut
306 2921 402 2974 bibula
413 2921 473 2973 sine
486 2923 607 2975 vestibus
619 2931 697 2974 errat
710 2939 808 2990 mena,
851 2964 853 2969 ,

31 2990 36 3003 ’
82 2999 147 3061 Aut,
160 2993 210 3045 ubi
220 2992 323 3044 lassata
340 2999 389 3056 est,
402 2990 531 3042 seductos
544 3001 629 3045 nacta
642 3009 768 3045 recessus

83 3063 219 3133 Gurgitis,
234 3060 341 3113 inclusa
353 3076 404 3111 sua
416 3060 545 3112 membra
554 3062 705 3132 refrigerat
718 3060 803 3118 unda.

81 3134 157 3184 Ecce
171 3131 278 3183 fretum
290 3128 398 3181 findens
412 3128 463 3181 alti
474 3147 562 3182 novus
576 3131 671 3185 moola
684 3131 775 3201 ponti,

81 3203 180 3270 Nuper
191 3199 222 3250 in
233 3199 358 3251 Euboica
364 3198 449 3250 versis
460 3196 625 3254 Anthedone
639 3199 785 3266 membris,
824 3232 826 3237 -

83 3269 210 3323 Glaucus
219 3267 306 3333 adest,
319 3267 450 3337 visaeque
464 3268 594 3336 cupidine
604 3269 717 3339 virginis
728 3270 835 3332 haeret,

81 3340 124 3408 Et,
140 3352 324 3411 quaecuuque
336 3345 417 3407 putat
427 3336 585 3410 fugientem
598 3355 680 3411 posse
691 3335 806 3400 morari,
