2350 3834
154 197 218 263 224
422 198 453 261 a
476 197 626 255 ov1o11
646 194 835 261 ussurus
882 266 883 269 p

213 341 328 410 ‘Iupiter
341 356 398 393 esse
412 356 499 393 auam.
531 340 575 397 Sia
588 339 623 392 ab
636 342 701 392 love
713 341 811 392 tertius
824 341 899 396 Aiax.

220 413 278 463 Neo
290 419 384 463 tanuen
398 410 467 462 haec
479 411 565 461 series
576 409 606 459 in
619 425 701 460 causa
712 409 815 477 prosit,
834 411 940 476 achivi,
968 458 973 466 ,

169 480 204 536 80
221 481 249 530 Si
262 480 330 530 mihi
343 496 408 531 cum
419 495 522 549 magno
535 495 591 530 non
605 486 646 529 est
658 479 815 530 communis
824 480 941 531 Achille.

192 572 196 583 i
220 551 319 600 Frater
332 556 403 599 erat:
422 548 545 599 fraterna
561 555 634 613 peto.
670 546 742 609 Quid
755 549 889 617 sauguine
903 557 996 601 cretus

219 616 360 685 Sisyphio,
373 616 524 685 furtisque,
543 625 570 667 et
582 614 681 666 fraude
697 616 852 668 simillimus
863 618 915 684 illi,

219 687 319 737 Inserit
330 686 454 737 Aeacidis
466 685 571 736 alienae
583 685 699 734 nomina
713 685 821 757 gentis?

219 757 260 804 Aa
272 754 387 823 quadiu
400 771 478 806 arma
491 754 582 873 prior,
600 752 733 822 nulloque
746 754 796 805 suh
810 753 901 806 iudice
913 755 986 822 veni,

167 819 201 879 85
217 828 301 874 Arma
313 823 440 893 neganda
452 824 490 876 mi

217 891 321 945 Ultima
336 892 382 962 qui
396 893 483 961 cepit,
500 892 720 958 detrectavitque
731 891 828 944 furore

171 982 175 987 ”
217 960 345 1015 Militiam
356 962 436 1025 fict03
454 961 546 1015 doaso
556 960 698 1013 sollertior
707 959 772 1026 isto,

216 1024 488 1096 Sedsibi‘inutilior,
506 1026 599 1081 timidi
614 1030 888 1081 commenta'retexit

148 1113 152 1119 “
216 1099 382 1166 Naupliades
393 1100 491 1162 animi,
509 1101 650 1167 vitataque
662 1098 744 1149 traxit
756 1099 783 1149 in
798 1098 895 1150 armal

164 1164 200 1221 40
217 1167 329 1235 Optima
341 1184 416 1221 nuuc
431 1175 537 1232 sumat,
557 1168 606 1236 qui
615 1182 725 1237 sumere
737 1167 828 1218 noluit
840 1167 915 1231 ulla;

215 1239 272 1288 Nos
285 1237 459 1298 inhonorati,
478 1246 506 1289 et
520 1236 597 1288 donis
613 1236 784 1303 patruelibus
797 1236 868 1300 orbi,

216 1305 372 1357 obtulimus
389 1307 499 1374 quinos
515 1306 550 1357 ad
561 1305 653 1374 prima
668 1305 807 1374 pericula,
825 1305 920 1359 simus.

511 821 538 873 i?
555 822 702 891 potiorque
715 821 852 875 videbitur
864 822 922 893 ille,
979 874 982 883 ,
1033 847 1037 854 ·

213 1378 303 1442 Atque
318 1374 425 1425 utinam
436 1383 484 1424 aut
497 1392 577 1426 verus
590 1374 673 1426 furor
684 1373 748 1440 ille,
767 1383 816 1426 aut
829 1374 950 1426 creditus
965 1382 1045 1438 esset3
1140 1402 1141 1443 ,

213 1445 272 1494 Nec
287 1459 380 1494 comes
392 1443 438 1494 hic
455 1443 585 1513 Phrygias
598 1460 721 1512 uuquam
733 1443 852 1495 venisset
867 1444 903 1495 ad
917 1460 995 1497 arces
1031 1494 1035 1499 .

161 1507 196 1567 45
214 1513 347 1562 Hortatur
358 1511 510 1564 scelerum!
527 1529 584 1565 aon
597 1520 641 1578 te,
657 1514 788 1564 Poeantia
798 1512 900 1582 proles,
912 1536 914 1540 ¹

212 1579 371 1648 Expositum
382 1582 502 1635 Lemnos
514 1590 611 1633 nostro
622 1599 687 1634 cum
699 1582 816 1635 crimine
828 1581 960 1634 haberet:

213 1648 267 1712 Qui
278 1666 367 1716 nuno,
386 1658 417 1702 ut
428 1658 602 1715 memorant,
617 1650 787 1703 silvestribus
800 1650 910 1703 abditus
921 1653 1005 1709 antris

174 1768 176 1773 ,
210 1721 283 1769 dara
293 1734 390 1771 moves
404 1720 527 1789 gemitu,
544 1719 763 1789 Laiirtiadaeque
776 1719 909 1789 precaris,

212 1789 290 1849 Quae
304 1789 420 1841 meruit:
477 1805 525 1854 ae,
542 1788 566 1840 si
583 1787 612 1839 dl
622 1797 701 1855 sunt,
719 1807 778 1841 aon
795 1805 866 1841 vana
881 1788 1013 1857 preceris.
1081 1800 1083 1803 ’
1140 1802 1141 1817 ’

160 1857 196 1911 50
212 1857 245 1907 Et
256 1873 332 1908 nuno
346 1856 393 1910 illc
409 1874 439 1910 ea
461 1874 506 1911 eus
517 1858 599 1911 uobis
612 1858 718 1910 iuratus
732 1858 762 1909 in
777 1872 864 1920 arma,
944 1908 946 1911 .

153 1980 154 1985 ,
210 1926 284 1976 Heu!
302 1942 367 2045 pars
379 1944 436 1978 una
447 1927 565 1988 ductim,
583 1943 639 1996 quo
651 1943 811 1979 successore
822 1925 941 1997 sagittas

210 1996 303 2046 Hercu
316 2003 480 2062 mutuatur,
498 1996 605 2049 fractus
619 1995 718 2049 morbo
759 1996 926 2064 esameque,

208 2063 395 2132 Velaturque,
413 2064 551 2134 aliturque
566 2065 677 2126 avibus3
691 2082 729 2117 ,vo
743 2082 878 2135 uerasque
888 2063 1010 2135 petendo
1080 2086 1082 2091 ·

208 2131 309 2202 Debita
317 2133 561 2187 Troianis-exercet
570 2133 678 2201 spicula
688 2132 767 2197 fatis,
815 2182 816 2185 ,

157 2196 191 2256 55
209 2200 258 2252 llle
270 2209 366 2273 tamen
378 2202 457 2268 vivit,
477 2203 542 2271 quia
554 2219 611 2253 non
622 2202 768 2259 comitavit
780 2201 887 2265 Ulixen.
915 2250 917 2252 ,
961 2224 963 2229 ’

208 2269 304 2322 Mallet
318 2279 345 2322 st
357 2270 453 2323 infelix
467 2271 628 2325 Palamedes
641 2288 699 2323 asse
712 2271 835 2327 relictus.
900 2318 904 2325 .

206 2338 332 2392 Viveret:
351 2349 399 2393 aut
413 2348 490 2393 certe
505 2340 594 2393 latum
607 2340 666 2393 sine
681 2341 798 2393 crimine
810 2340 937 2395 liaberet.

167 2439 171 2448 ·
207 2409 297 2470 Quem
309 2407 382 2465 male
394 2409 513 2463 convicti
523 2409 643 2461 nimium
654 2427 764 2465 memor
775 2409 828 2461 iste‘
843 2408 953 2475 furoris

205 2476 400 2545 Prodeparsm
410 2480 536 2530 Danaam
547 2478 641 2543 fiuxit,
659 2478 813 2548 fictumque
825 2479 956 2548 probavit

153 2542 190 2598 60
207 2545 331 2610 Crimen,
350 2556 377 2615 et
392 2547 527 2614 ostendit,
546 2548 622 2617 quod
634 2549 691 2600 iam
703 2547 897 2616 praefoderat,
914 2566 1022 2605 sunm.

178 2679 179 2682 Ἴ
205 2616 278 2684 Ergo
294 2624 341 2667 aut
354 2616 447 2670 exsilio
459 2617 530 2669 vires
543 2617 673 2669 subduxit
684 2617 804 2682 Achivis,
1026 2669 1030 2679 ί

204 2686 259 2734 Aut
270 2701 348 2737 nece.
382 2686 426 2750 Sic
440 2695 560 2756 pugnat,
577 2686 618 2739 sic
634 2693 675 2736 est
687 2684 852 2738 metuendus
865 2685 975 2744 Ulixes.¹

205 2750 275 2819 Qui,
293 2753 360 2806 licet
372 2754 483 2822 eloquio
495 2755 582 2809 fidum
597 2772 708 2824 quoque
722 2757 839 2807 Nestora
848 2755 952 2821 vincat,

204 2820 284 2873 llaud
297 2832 392 2887 tamea
404 2824 521 2890 efficiet,
539 2824 681 2879 desertum
694 2833 727 2875 ut
741 2826 858 2876 Nestora
872 2825 980 2877 crimea

152 2888 187 2943 65
204 2889 268 2942 Esse
283 2907 347 2942 rear
359 2891 482 2943 nullumz
501 2893 564 2962 qui,
583 2910 649 2947 cum
660 2892 828 2961 imploraret
841 2892 938 2947 Ulixen

203 2958 325 3011 Vulnere
339 2959 434 3027 tardus
449 2962 528 3030 oqui,
547 2960 689 3030 fessusque
702 2962 833 3027 senilibus
847 2962 934 3027 annis,

203 3027 329 3079 Proditus
343 3045 358 3078 a
371 3028 447 3079 socio
462 3038 510 3083 est.
527 3076 529 3081 ,
543 3033 605 3083 Nou
619 3030 689 3082 haec
703 3030 773 3083 mihi
785 3030 904 3095 crimina
915 3030 995 3104 fingi,

203 3095 261 3146 Scit
277 3097 348 3148 bene
361 3097 494 3163 Tydides,
512 3098 558 3166 qui
572 3099 686 3152 nomine
698 3116 781 3168 saepe
792 3109 923 3155 vocatum
978 3154 982 3159 ,
1077 3130 1080 3137 ,

202 3164 354 3245 Corripuit,
369 3165 535 3244 trepidoque
548 3163 644 3246 fugam
658 3168 834 3248 exprobravit
847 3169 949 3225 arnico.
1027 3208 1044 3225 „

151 3229 188 3284 7⁰
202 3230 576 3302 Adsp1cruntocuhsSuper1
589 3237 721 3289 mortalia
734 3239 819 3295 iustis.
869 3280 873 3285 .

176 3300 242 3351 <En
255 3311 318 3373 eget
334 3301 674 3391 auail,iuf,„‹1uiriosrtulit:¹
692 3305 923 3381 ussmleteliqlllss‘
994 3270 1000 3351 i
1071 3348 1073 3357 .
