2350 3834
477 104 494 143 Ι

131 267 134 271 -
231 232 892 308 ,ΜΕΤΑΜΟΒΡΗοεΕοΝιωη
989 243 1118 309 269'

100 385 175 449 Quid
185 378 334 453 mentiatis,
352 401 425 450 ores,
442 376 584 456 plecidum
596 376 692 456 pecus,
701 387 785 459 inque
798 387 917 444 tuendos

98 456 202 509 Natum
215 456 349 519 homines,
367 456 451 524 pleno
467 472 537 527 quae
550 457 629 508 fertis
641 458 670 508 in
683 459 770 511 ubere
782 466 889 528 nector,

98 525 196 578 Mollia
211 526 375 595 quaeratis
389 534 495 578 vestras
504 525 644 577 velamina
658 527 736 579 lanas
888 540 891 545 ·

96 593 248 661 Praebetis,
264 595 376 663 vitaque
387 596 483 664 magis,
501 611 586 663 quom
599 604 692 646 morte
702 596 822 649 iuvetis?

81 700 85 717 .
97 663 171 727 Quid
185 681 312 717 meruere
324 665 419 730 boves,
439 663 541 714 animal
557 663 617 714 sine
631 664 731 717 fraude
744 666 880 738 dolisque,

95 735 267 800 innocuum,
278 732 404 801 simplex,
419 741 518 784 natum
536 731 657 784 tolerare
673 733 803 785 labores?

93 803 251 854 Immemor
264 811 306 854 est
320 803 442 866 demum,
459 817 512 853 nec
523 801 639 871 frugum
653 819 770 854 munere
785 803 893 875 dignus,

95 871 151 935 Qui
163 873 260 940 potuit
269 872 346 923 curri
360 870 454 922 demto
468 869 553 922 modo
566 870 690 938 pondere
705 872 791 924 aratri

93 941 255 993 Ruricolam
269 949 393 992 mactare
406 957 501 992 suum:
520 939 568 1009 qui
580 940 647 991 trita
658 939 757 993 labore

92 1009 153 1075 Illa,
174 1010 272 1080 quibus
286 1009 368 1061 toties
383 1009 485 1060 durum
499 1018 682 1061 renovaverat
695 1026 804 1078 arvum,

91 1079 146 1131 Tot
162 1078 278 1132 dederat
291 1088 403 1145 messes,
419 1078 554 1146 percussit
567 1078 640 1129 colla
656 1079 754 1132 securi.
924 1132 930 1141 ,

91 1150 152 1201 Neo
162 1149 229 1201 attis
242 1158 292 1214 est,
310 1148 454 1217 quod'tale
466 1147 546 1199 nefas
559 1148 760 1218 committitur:
778 1148 854 1218 ipsos

80 1220 258 1287 ·lnsoripsere
272 1217 338 1270 deos
350 1217 459 1283 sceleri,
475 1233 634 1286 numenque
647 1232 801 1286 supernum

91 1288 181 1340 Caede
193 1287 337 1340 laboriferi
351 1287 468 1339 credunt
480 1284 603 1356 gaudere
615 1286 734 1341 iuvenci.

90 1357 214 1408 Victima
225 1357 288 1410 labe
301 1372 406 1420 carens,
425 1364 453 1408 et
465 1355 703 1424 praestantissime
715 1356 816 1427 sonna,

89 1426 162 1477 Nam
178 1426 313 1494 placuisse
325 1433 417 1491 nocet,
434 1425 510 1476 vittis
521 1424 674 1505 praesignis
691 1433 719 1477 et
733 1443 812 1494 auro,

90 1496 200 1547 sistitur
213 1505 277 1547 anta
292 1512 362 1552 aras.
381 1494 621 1565 auditque‘rgnaru
633 1498 805 1564 precantem,
824 1498 827 1507 ”

89 1564 197 1634 Imponi
238 1582 252 1617 e
267 1581 333 1616 suae
343 1565 418 1617 videt
430 1565 505 1616 inter
517 1578 624 1615 cornua·
636 1564 733 1632 fronti,

89 1635 162 1696 Quas
176 1652 210 1687 co
241 1635 272 1699 it,
288 1635 398 1705 frugem
414 1648 603 1712 percussaque
615 1633 750 1702 sanguine
763 1632 868 1688 cultros

85 1703 181 1756 laticis
191 1703 221 1755 in
231 1703 338 1773 liquida
347 1704 486 1771 praevisos
498 1702 620 1753 fors1ten
631 1701 715 1757 unde.

87 1772 216 1825 Protinus
231 1782 338 1841 ereptas
352 1772 455 1823 viventi
468 1780 583 1838 pectore
597 1768 682 1822 fibras

87 1841 247 1910 lnspieiuut,
265 1851 427 1911 mentesque
441 1839 523 1891 deum
535 1843 696 1891 sonitantur
705 1839 812 1910 inillis.

88 1911 166 1963 Unde
177 1911 265 1962 fames
277 1911 385 1962 homini
395 1909 545 1961 vetitorum
557 1917 638 1960 tanta
650 1909 800 1962 ciborum?

86 1980 200 2032 Audetis
210 1981 293 2046 vesci,
311 1995 398 2049 genus
413 1995 430 2030 o
444 1976 585 2030 mortale?
603 1979 686 2047 quod,
705 1996 765 2043 oro,

86 2048 127 2102 lle
136 2050 233 2107 facite.
253 2057 281 2100 et
294 2049 406 2101 monitis
419 2049 525 2100 animos
536 2046 672 2111 advertite
687 2047 803 2101 nostris:

87 2119 152 2172 (lum
193 2136 194 2139 ’
223 2120 310 2185 boum
322 2118 421 2169 debitis
434 2132 580 2170 caesorum
593 2115 722 2168 membra
735 2116 840 2186 palato,
919 2160 921 2163 .

86 2188 148 2241 Man
171 2205 218 2239 ere
230 2206 277 2240 ros
287 2197 397 2253 ¹vestros
407 2187 483 2253 scite,
502 2195 530 2238 et
542 2187 642 2238 sentite
655 2185 778 2239 colonos.
968 2248 972 2254 .

85 2258 118 2309 Et
130 2258 264 2329 quoniam
277 2258 343 2309 deus
355 2270 405 2309 oro
419 2264 521 2321 movet,
537 2270 639 2324 sequar
653 2271 703 2307 ora
716 2263 877 2309 moventem

85 2326 145 2381 llita
157 2327 251 2395 deum,
266 2327 442 2396 Delphosque
455 2341 543 2390 meos,
561 2325 708 2393 ipsumque
720 2324 866 2378 recludam

84 2398 212 2463 Aethera,
226 2402 260 2463 set
272 2405 405 2466 augustae
416 2396 546 2447 reserabo
560 2394 676 2446 oracula
687 2392 797 2447 mentis.

84 2466 192 2536 Magne,
210 2482 263 2518 nec
273 2466 391 2535 ingeniis
405 2465 555 2534 euestigata
565 2464 702 2532 priorum,

85 2535 216 2605 Quaeque
229 2535 277 2587 diu
289 2536 404 2598 latuere,
423 2548 530 2585 canam.
548 2536 626 2584 [srvat
636 2532 678 2582 ire
693 2547 745 2598 per
758 2528 816 2584 ulta

83 2606 176 2658 Astra:
194 2606 279 2669 iuvat,
297 2603 378 2655 terris
392 2611 423 2654 et·
431 2603 515 2654 inerti
527 2601 591 2669 sede
604 2601 716 2666 relictis,

83 2674 161 2727 Nube
170 2675 243 2738 vehi,
261 2672 400 2741 validique
413 2671 536 2724 humeris
547 2670 672 2721 insistere
687 2668 819 2721 Atlantis:

83 2742 261 2813 Palanteatfue
275 2742 382 2795 animos
396 2741 507 2809 passim,
525 2757 559 2792 ao
569 2739 686 2790 rationis
700 2747 813 2809 egentes
981 2739 1036 2801 150

83 2811 246 2881 Despectare
260 2811 368 2880 procul,
384 2810 564 2928 trepidosque
593 2808 756 2878 obitumque
769 2808 900 2860 timentes
1063 2815 1067 2823 '

82 2881 125 2933 sic
137 2883 283 2947 exhortari,
302 2880 456 2950 seriemque
472 2896 522 2930 evo
535 2895 600 2930 vere
611 2877 672 2930 fati.

115 2952 236 3022 Oge'nus
249 2950 397 3004 'attonitum
409 2948 519 3018 gelidae
526 2947 678 2999 formidine
691 2945 804 2999 mortis!
873 2956 877 2966 ¹

23 3046 24 3049 ¹
51 3040 53 3045 ·
83 3019 152 3081 Quid
165 3024 257 3091 Styga,
275 3020 342 3090 quid
355 3017 575 3098 tenebres‚*quid
590 3015 704 3069 nomina
714 3030 786 3069 vana
795 3014 911 3083 timetis,

82 3087 226 3149 Moteriem
237 3099 342 3156 vatum,
361 3088 479 3158 falsique
493 3087 604 3155 piacula
616 3085 732 3138 mundi?
978 3079 1031 3139 1⁵5

83 3157 202 3226 Corpora
217 3150 273 3212 live
283 3174 368 3233 rogus
379 3159 505 3223 flamma,
523 3174 572 3209 seu
588 3157 654 3209 tabe
667 3163 789 3208 vetustas
957 3160 959 3163 ’
1034 3170 1040 3177 ·

82 3226 238 3295 Abstulerit,
255 3229 329 3279 mels
339 3245 419 3297 posse
433 3229 492 3296 pati
506 3234 563 3278 no'n
575 3225 634 3277 ulla
644 3224 755 3294 putetis.

82 3294 172 3349 Morte
180 3304 275 3348 carent
289 3299 411 3350 animae:
429 3312 602 3366 semperque,
620 3296 716 3363 priore
734 3291 835 3345 relicta

81 3363 159 3436 Sede,
175 3366 254 3420 noris
268 3365 397 3421 domibtu
406 3367 545 3435 habitant,
556 3365 711 3437 uitantque
725 3368 866 3432 receptae·
