2350 3834
158 196 250 287 soe
427 208 850 283 nonsummum

225 368 347 441 Regibus
360 366 401 434 bi,
420 362 592 437 duosbmque
605 383 668 420 utos
681 366 831 423 ostendere
846 366 940 425 vultus

158 437 210 497 645
228 441 318 492 Nocte
330 438 434 490 solent:
453 436 572 517 populos
586 437 633 489 alii
648 437 815 507 plebemque
827 445 982 506 pererrent.

227 508 363 563 Praeterit
374 507 426 558 hos
439 521 544 559 semor:
564 507 729 575 semotisque
746 507 907 560 efretribus
921 523 1009 561 unum

226 577 371 658 Morphea,
392 575 439 645 qui
450 584 567 646 peraget
580 576 897 644 Thaumantidos-edite,
914 581 1031 633 somnus

227 647 321 718 Eligit:
342 655 371 697 et
381 660 476 696 rursus
488 644 569 697 molli
580 645 716 716 languore
729 645 835 697 solutus

228 715 416 784 Deposuitque
429 723 522 782 ceput,
542 723 685 784 stratoque
696 715 855 767 recondidit
870 715 938 768 alto.

158 786 211 842 650
226 784 277 836 Ille
290 784 376 851 volat,
393 783 485 837 nullos
501 784 634 852 strepitus
647 783 814 836 facientibus
827 784 889 850 alis,

87 846 92 863 '
226 855 279 906 Per
290 854 429 920 tenebras,
446 853 575 922 intraque
588 870 684 905 morae
695 853 780 905 breve
794 863 904 922 tempus
917 854 948 907 in
961 853 1058 906 turbem

226 923 357 976 Pervenit
371 924 568 975 Haemoniam:
586 922 738 991 positisque
754 939 770 975 e.
785 940 835 974 cor
856 939 905 974 ore
916 921 1013 993 pennis

227 992 378 1045 infaciem
393 991 488 1060 Ceycis
501 993 568 1057 ebit,
586 991 737 1061 fermeque
753 992 804 1043 sub
817 941 867 1043 illa

134 1089 142 1103 ι
226 1061 352 1126 Lus-idus,
372 1062 501 1132 exsangui
515 1060 620 1125 similis,
638 1061 697 1113 sine
711 1061 832 1113 vestibus
844 1060 918 1126 ullis,

157 1130 210 1187 655
228 1131 357 1202 Coniugis
373 1140 438 1182 ante
454 1140 550 1182 torum
564 1130 682 1182 miserae
694 1131 781 1183 stetit.
804 1130 865 1182 Uda
877 1128 988 1182 videtur

227 1201 316 1253 Barba
327 1200 389 1266 riri,
407 1198 581 1269 madidisque
633 1200 689 1251 evis
702 1199 791 1252 fluere
808 1200 883 1253 unda
894 1199 1012 1268 capillis.

226 1272 299 1323 Tum
310 1270 384 1321 lecto
398 1269 571 1333 incumbens,
612 1278 659 1321 etu
672 1286 756 1337 super
768 1286 819 1321 ora
829 1269 934 1333 refuso,

227 1341 303 1392 llaec
315 1339 368 1391 ait:
386 1338 518 1409 Agnoscis
532 1340 628 1407 Ceyca,
646 1338 805 1390 miserrima
820 1337 940 1390 coniux?

170 1462 173 1466 Α
227 1412 270 1460 An
284 1423 348 1460 mea
361 1402 469 1458 mutata
482 1415 523 1459 est
534 1407 619 1460 iacies
631 1407 718 1459 nece?
736 1406 860 1476 respice3
878 1420 985 1473 nosces,

159 1477 213 1532 660
228 1477 409 1546 inveniesque
419 1484 468 1528 tuo
485 1492 536 1544 pro
553 1477 671 1548 coniuge
689 1477 813 1546 coniugis
826 1477 967 1530 umbram.

228 1546 308 1599 Nilo
329 1546 360 1611 is,
378 1544 447 1596 Halo
467 1562 529 1600 one.
548 1546 628 1598 nobis
648 1555 773 1601 tuauota
788 1545 923 1599 tulenmt.

229 1615 297 1667 Occi
316 1615 403 1667 imus:
421 1563 508 1667 falsae
520 1616 571 1668 tibi
586 1633 633 1667 me
646 1616 812 1683 promittere
824 1615 893 1667 noli.

228 1684 346 1738 Nubilus
358 1691 468 1754 Aegaeo
481 1683 629 1766 deprendit
640 1683 669 1734 in
684 1701 806 1752 aequore
818 1684 914 1736 navim

208 1786 211 1799 ·
229 1757 335 1818 Auster,
354 1762 383 1805 et
401 1753 507 1824 ingenti
520 1762 654 1807 sectatam
666 1753 782 1805 flamine
796 1753 898 1804 solvit:

160 1821 211 1878 665
230 1827 284 1874 Ora
324 1835 455 1889 enostre‚
473 1832 555 1875 tuum
568 1822 674 1874 frustra
690 1822 842 1875 clementie
856 1838 969 1890 nomen,

227 1896 288 1960 Imp
302 1900 383 1942 erunt
397 1892 508 1945 fluctus.
535 1895 597 1944 Non
611 1892 682 1945 haec
693 1891 744 1943 tibi
757 1892 867 1944 nuntiat
877 1900 977 1947 auctos

229 1960 396 2032 Ambiguus:
414 1979 470 2013 non
483 1961 536 2014 ista
545 1961 622 2031 vagis
632 1962 792 2014 rumoribus
806 1954 898 2013 audis:

228 2032 289 2100 Ipse
304 2047 355 2102 ego
369 2029 428 2083 fata
440 2030 493 2082 tibi
507 2048 638 2098 praesens
651 2047 715 2082 mea
728 2030 879 2099 naufragus
894 2028 957 2082 edo.
1033 2072 1040 2085 Ι

208 2160 215 2175 .
229 2103 326 2170 Surge,
345 2116 405 2169 age,
424 2099 609 2166 delacrimas,
626 2099 813 2169 lugubriaque
828 2099 927 2152 indue:
945 2115 999 2153 nec
1012 2113 1057 2152 me

160 2170 212 2224 670
228 2168 439 2236 Indeploratum
453 2169 503 2221 sub
518 2170 612 2221 inania
629 2172 748 2221 Tartara
761 2169 849 2222 mitte.

227 2237 330 2289 Adiicit
342 2237 385 2288 his
400 2255 499 2289 vocem
512 2239 671 2306 Morpheus,
690 2256 775 2307 quam
786 2237 912 2307 copingis
926 2235 976 2290 illa
1073 2282 1078 2295 ,

227 2306 362 2379 Crederet
374 2323 431 2359 esse
443 2305 494 2359 sui.
519 2306 612 2360 Fletus
626 2325 739 2377 quoque
750 2307 869 2361 fundere
880 2323 961 2359 veros

228 2376 307 2428 Visus
321 2385 390 2440 erat,
428 2383 572 2445 estumque
587 2394 686 2431 manus
701 2377 794 2445 Ceycis
807 2376 958 2430 habebant.

228 2445 350 2517 Ingemit
364 2393 505 2513 Halcyone
517 2444 677 2511 lacrimans,
694 2455 785 2498 motet
825 2462 840 2497 e
853 2445 974 2498 lacertos

160 2514 211 2572 675
227 2516 280 2567 Per
290 2532 430 2581 somnum,
449 2531 606 2586 corpusque
618 2524 715 2585 petens
728 2533 793 2583 emp
805 2514 909 2567 ectitur
917 2531 1011 2584 sures,

228 2584 436 2654 Exclamatque,
453 2585 542 2637 Mane.
569 2589 630 2647 Quo
644 2594 671 2637 te
684 2585 777 2654 rapis?
795 2585 897 2637 ibimus
910 2601 976 2640 une.

228 2653 304 2706 Voce
316 2670 373 2720 sua,
393 2653 542 2722 specieque
556 2654 610 2706 viri
622 2654 736 2706 turbata
748 2670 881 2721 soporem
902 2690 904 2695 s

155 2752 161 2761 ·
228 2723 351 2775 Excutit:
371 2731 400 2774 et
411 2722 503 2791 primo
520 2722 544 2774 si
553 2723 590 2777 sit
604 2723 796 2792 circumspicit
806 2722 875 2788 illic,

230 2794 292 2855 Qua
306 2791 391 2844 modo
404 2791 477 2844 visus
490 2800 562 2845 erat:
582 2810 648 2846 nem
661 2795 733 2847 moti
746 2809 816 2845 soce
829 2789 950 2845 ministri

161 2854 214 2914 680
230 2860 387 2913 intulerant
398 2860 504 2915 lumen.
523 2864 672 2931 Postquam
682 2862 851 2917 uoninreuit
865 2876 999 2928 usquam3

229 2929 352 2982 Percutit
365 2947 415 2981 ora
425 2947 520 2997 manu,
538 2931 680 3002 laniatque
692 2949 709 2985 a
722 2939 839 3001 pectore
850 2938 949 2995 vestes,

228 3000 403 3069 Pectoraque
414 3000 475 3068 ipsa
489 3000 564 3053 ferit.
591 3004 649 3055 Nec
661 3002 769 3055 crinem
782 3000 890 3052 solvere
905 3006 1002 3062 curet3

230 3067 353 3121 Scindit:
372 3077 400 3120 et
415 3068 518 3135 altrici,
537 3086 609 3138 quae
625 3070 717 3123 luctus
731 3087 824 3135 cause,
841 3067 962 3138 roganti,

231 3137 314 3190 Nulla
328 3145 369 3188 est
380 3137 535 3206 Halcyone,
549 3139 627 3191 nulla
641 3149 690 3204 est,
708 3140 760 3191 ait:
778 3138 882 3191 occidit
893 3153 949 3189 uns

162 3206 215 3263 685
233 3207 301 3258 Cum
313 3208 401 3275 Ceyce
414 3223 473 3258 suo.
497 3207 620 3261 Solantia
634 3209 724 3263 tollite
736 3209 833 3263 verbs.
908 3238 910 3243 ,

231 3275 388 3344 Naufragus
399 3273 512 3329 interiit.
536 3277 608 3343 Vidi,
626 3278 792 3348 agnovique,
803 3291 963 3347 ,manusque

141 3366 145 3373 ·
232 3342 275 3396 Ad
288 3342 484 3414 discedentem,
503 3346 616 3417 cupiem
626 3347 764 3416 rediuere,
780 3345 895 3403 tetendi
