2350 3834
33 191 78 294 J
158 217 238 284 104¹
320 264 324 274 ,
427 216 843 290 uov1u11uasou1s

112 369 121 404 l
184 417 188 421 Α
225 358 372 418 Thretcius
386 362 490 415 Tereus
500 360 572 414 haec
587 360 765 414 auxiliaribus
777 359 862 414 armis

155 434 207 496 425
224 432 360 483 Puderet:
385 440 413 483 et
425 431 534 484 clarum
548 431 686 483 vincendo
699 447 803 484 nomen
817 429 949 484 habehat.

226 505 317 564 Quem
330 499 382 551 sibi
395 501 519 552 Pandion
532 501 686 570 opibusque
698 499 819 570 virisque
836 508 994 569 potentem,
1152 541 1153 556 l

224 572 259 622 Et
272 585 359 639 genus
375 585 505 641 amagno
523 568 674 622 ducentem
689 568 766 621 forte
780 569 913 636 Gradivo,

225 638 370 691 connuhio
384 641 504 692 Procnes
517 638 615 693 iunxit.
646 641 708 690 Non
721 638 851 707 pronuba
869 642 950 707 luno,

219 710 288 762 xNou
302 710 477 774 Hymenaeus
491 708 577 774 adest,
600 725 658 760 non
670 708 712 759 illi
726 708 824 760 Gratia
837 707 923 763 lecto.

154 772 209 832 430
225 776 391 829 Eumenides
404 787 521 829 tenuere
539 777 617 829 faces
638 778 673 830 de
687 777 903 845 funereruptas:

224 846 371 898 Emenides
383 856 506 900 stravere
517 856 628 898 torum:
652 855 728 899 tecto
749 863 786 897 ue
795 846 934 915 profanus
1027 883 1031 896 .

222 915 354 968 Incubuit
365 916 451 981 bubo,
468 916 642 985 thalamique
656 916 685 967 in
700 865 821 968 culmine
839 915 918 969 sedit.

223 987 283 1037 Hac
295 1001 346 1036 ave
358 994 422 1040 sunt
433 986 521 1038 iuncti
533 988 641 1036 Procne
655 987 829 1053 'l'ersusque3
847 990 975 1053 parentes

223 1057 282 1107 Hac
296 1069 345 1106 uve
357 1063 422 1105 sunt
430 1055 508 1107 facti.
545 1057 660 1105 Gratata
675 1063 715 1106 est
727 1054 834 1106 scilicet
850 1054 905 1105 illis

153 1117 207 1181 435
223 1124 357 1175 Thracia:
381 1123 478 1193 disque
492 1124 544 1192 ipsi
556 1118 650 1193 grates
662 1139 759 1191 egere:
790 1123 936 1192 diemque,v

224 1195 341 1262 Quaque
355 1192 418 1243 data
432 1203 473 1244 est
492 1193 570 1244 claro
592 1192 732 1244 Pandione
747 1201 814 1243 nata
825 1202 956 1259 tyranno,
1049 1191 1051 1204 '

223 1266 341 1331 Quaque
354 1270 415 1312 erat
424 1271 502 1312 ortus
520 1266 587 1330 itys,
608 1261 712 1313 festam
723 1261 828 1313 iussere
841 1260 956 1312 vocari:

225 1334 318 1399 Usque
331 1329 402 1382 adeo
415 1330 485 1381 latet
497 1330 610 1382 utilitas.
644 1334 704 1382 Iam
715 1340 843 1399 tempora
855 1331 938 1382 ‘lituu

183 1419 186 1426 ·
223 1401 295 1462 Quin
317 1415 352 1449 ue
364 1415 417 1467 ‚per
429 1408 578 1450 autumnos
595 1400 707 1468 repetiti
720 1399 838 1466 duxerat
856 1398 938 1466 anui3
1086 1403 1091 1414 '

87 1531 89 1538 Ι
153 1467 207 1526 440
223 1417 427 1520 Cumislandita
439 1468 499 1519 viro
517 1472 633 1535 Procne,
658 1469 687 1520 si
701 1470 800 1539 gratia,
818 1467 895 1534 dixit,
1004 1479 1007 1483 ⁴

222 1537 285 1588 Ulla
303 1546 368 1588 mea
387 1545 437 1603 est,
452 1537 499 1589 vel
514 1555 561 1589 me
579 1537 710 1590 visendae
727 1538 808 1590 mitte
825 1535 930 1600 sorori3

221 1606 274 1659 Vel
290 1622 371 1658 soror
386 1606 442 1661 huc
459 1608 559 1659 veniat.
594 1608 756 1660 Redituram
772 1615 904 1674 tempore
918 1620 1004 1674 parto

221 1676 371 1728 Promittes
388 1692 500 1729 socero:
525 1677 623 1745 magni
638 1677 707 1728 mihi
724 1676 846 1728 numinis
863 1676 955 1729 instet

222 1746 393 1796 Gerruanam
408 1745 508 1797 vidisse
527 1746 615 1798 dahis.
654 1746 733 1797 lubet
746 1745 908 1799 illecarinas

151 1814 204 1873 445
222 1818 253 1865 ln
274 1814 348 1865 freta
363 1813 478 1866 deduci:
503 1816 623 1884 veloque
638 1824 666 1866 et
678 1815 786 1885 remige
794 1822 893 1883 portus
941 1865 945 1874 ,

199 1903 201 1908 ’
222 1884 369 1952 Cecropios
385 1883 480 1947 intrat,
497 1885 650 1953 Piraeaque
666 1884 762 1935 littora
778 1882 877 1954 tangit.

191 1959 193 1962 ’
220 1957 258 2005 Ut
274 1953 398 2021 primum
410 1954 501 2005 soceri
514 1954 581 2005 data
598 1953 687 2020 copia,
710 1950 825 2004 dextera
843 1953 955 2006 dextrae
1039 1965 1040 1970 ’

219 2022 355 2092 Iungitur,
381 2030 408 2074 et
423 2022 514 2074 fausto
533 2023 721 2074 committitur
737 2022 830 2074 omine
847 2037 951 2075 sermo.

220 2093 362 2159 Coeperat,
381 2091 512 2143 adventus
531 2109 653 2158 causam,
680 2090 811 2144 mundata
821 2090 931 2146 referre

150 2156 203 2215 450
220 2161 357 2230 Coniugis,
375 2169 404 2211 et
415 2160 519 2212 celeres
529 2162 628 2212 missae
641 2161 778 2227 spondere
797 2174 937 2213 recursus.

218 2232 304 2293 Ecce!
323 2230 398 2280 veuit
408 2247 512 2300 magno
529 2230 603 2280 dives
616 2229 769 2290 Philomela
783 2238 899 2299 paretu;

217 2298 336 2349 Diviuor
353 2298 460 2350 forma:
486 2299 580 2367 quales
593 2298 689 2350 audire
701 2299 822 2351 solemus

218 2367 321 2420 Naidas
335 2376 362 2418 et
373 2367 495 2435 Dryadas
507 2367 607 2418 mediis
617 2368 748 2420 incedere
762 2367 852 2420 silvis:

218 2437 246 2489 si
263 2435 349 2490 modo
371 2435 420 2488 des
436 2436 491 2487 illis
510 2436 611 2501 cultus,
639 2437 799 2507 similesque
817 2444 941 2506 paratus.

149 2499 201 2559 455
218 2508 282 2559 Non
292 2522 371 2558 secus
387 2505 488 2558 exarsit
502 2513 653 2574 conspecta
670 2507 779 2577 virgine
791 2509 905 2573 Tereus,

219 2578 310 2639 Quam
326 2575 351 2630 si
368 2576 430 2645 quis
447 2576 522 2627 cauis
533 2575 627 2645 ignem
638 2586 776 2644 supponat
791 2575 897 2628 aristis:

218 2649 272 2696 Aut
284 2643 425 2709 frondem,
456 2644 617 2714 positasque
635 2654 741 2698 cremet
757 2644 906 2697 foenilibus
925 2643 1035 2700 herbet.

218 2712 309 2784 Digna
321 2713 434 2783 quidem
448 2713 550 2766 faciest
581 2714 631 2766 sed
644 2723 671 2765 et
684 2714 758 2766 hunc
768 2715 864 2766 innata
877 2713 967 2768 libide

217 2782 393 2835 Exstimulat:
416 2800 593 2851 pronumque
607 2800 694 2854 genus
706 2782 867 2854 regionibus
882 2783 940 2834 illis

148 2845 201 2906 460
217 2855 248 2902 In
260 2857 400 2905 Venerem
414 2861 469 2905 est:
495 2853 600 2922 flagrat
609 2853 676 2904 vitio
690 2851 836 2921 gentisque
847 2869 964 2920 suoque.
1014 2881 1019 2889 ·

217 2924 339 2989 Impetus
356 2929 397 2971 est
408 2920 465 2983 illi,
483 2922 621 2973 comitum
636 2938 818 2989 corrumpere
830 2938 940 2990 cauam,

217 2988 397 3057 Nutricisque
408 2989 511 3042 iidem:
535 3008 587 3043 nec
602 3008 659 3042 non
671 2989 828 3060 ingentibus
838 2991 928 3060 ipsum

216 3057 375 3112 Sollicitare
390 3057 469 3123 datis,
502 3068 650 3128 totumque
663 3059 825 3127 impendere
838 3076 978 3130 regnums

215 3131 270 3178 Aut
289 3144 398 3196 rapere,
417 3136 445 3178 et
456 3144 538 3180 saevo
553 3138 663 3196 raptam
682 3128 834 3181 defendere
854 3129 948 3195 hello;

146 3190 199 3250 465
216 3197 327 3248 Etnibil
339 3206 391 3261 est,
414 3197 490 3266 quod
506 3215 563 3249 non
581 3198 687 3252 effreno
700 3206 797 3266 captus
814 3215 913 3251 amore

216 3266 307 3317 Ausit:
330 3282 383 3317 nec
399 3267 643 3334 capiuntinclusas
662 3277 780 3335 pectora
796 3268 937 3322 flammas.

214 3336 331 3406 Iamque
342 3350 436 3388 moras
452 3334 527 3388 mule
535 3335 602 3403 fert,
633 3336 792 3406 cupidoque
803 3337 954 3411 revertitur
965 3349 1014 3393 ore
