2350 3834
340 877 383 945 P.
427 871 624 942 ovum
666 871 918 942 uusours
1119 949 1123 959 Α

156 1006 1097 1104 ΜΕΤΑΜΟΒΡΗΟΒΕΟᾏΝ

448 1200 605 1261 LIBER
632 1199 805 1262 Nouus·

225 1492 323 1601 Quae
335 1542 470 1615 gemitus,
483 1553 659 1618 truncaeque
674 1546 727 1600 deo
743 1545 897 1618 Neptunius
910 1546 992 1600 herm

224 1616 311 1666 eausa
325 1622 408 1695 roget
422 1613 538 1667 frontis:
557 1634 624 1669 cum
638 1618 678 1671 sic
694 1617 859 1687 Calydonius
873 1618 963 1669 amnis
985 1632 988 1636 ·

224 1684 338 1753 Coepit,
360 1692 505 1735 morn'atos
517 1686 663 1738 redimitus
679 1686 814 1739 arundine
826 1687 932 1739 crines:

222 1752 314 1805 'l'riste
327 1752 398 1821 petis
412 1768 526 1805 munus:
544 1755 605 1824 quis
619 1756 694 1808 enim
709 1773 758 1808 sue
771 1755 881 1825 proelia
894 1755 985 1809 victus

190 1821 452 1877 commemorare
470 1821 560 1875 velit?
585 1823 711 1878 referam
727 1834 822 1877 temen
835 1822 943 1880 ordine.
984 1824 1101 1877 Nectum

222 1891 316 1959 turpe
326 1889 383 1942 fuit
395 1890 478 1957 vinci,
497 1909 582 1962 quam
600 1894 774 1947 contendisse
787 1893 922 1947 decorum
936 1903 991 1947 eet:

224 1962 382 2031 Magnoque
395 1960 442 2012 dat
454 1960 535 2013 nohis
548 1970 641 2014 tantus
655 1963 754 2015 solatio
764 1963 864 2016 victor.

223 2029 344 2082 Nomine
359 2027 382 2081 si
394 2046 449 2099 que
461 2046 511 2082 suo
526 2030 641 2084 tandem
653 2031 781 2101 pervenit
798 2031 834 2084 ed
851 2048 931 2085 eures
950 2090 963 2102 ·

125 2117 128 2120 ¹
194 2157 199 2162 ,
223 2096 357 2149 Deianira
371 2106 449 2162 tues3
474 2099 617 2167 quondam
629 2101 798 2169 pulcerrima
810 2100 899 2172 virgo,

174 2170 208 2222 10
224 2166 433 2236 Midtorumque
447 2167 576 2236 fuitepee
587 2169 725 2222 invidiose
738 2186 901 2251 procorum.

144 2240 149 2248 ‘
225 2236 296 2287 Cum
308 2235 408 2305 quibus
422 2245 454 2287 ut
466 2237 556 2289 soceri
569 2238 669 2290 domus
681 2247 723 2291 est
735 2247 838 2292 intrata
849 2237 949 2309 petiti3

224 2303 329 2373 Accipe
341 2319 388 2355 me
404 2320 549 2385 generum,
567 2306 633 2373 dixi,
651 2309 806 2361 Porthaone
816 2317 891 2361 nete.

223 2372 299 2425 Dixit
314 2380 344 2424 et
356 2371 473 2425 Alcrdes.
506 2374 562 2426 Alii
577 2392 685 2429 cessere
702 2377 818 2431 duobus.

225 2442 277 2494 Ille
290 2445 386 2494 lovem
401 2458 532 2495 socerum
545 2443 613 2497 dare
628 2461 667 2511 se,
685 2445 847 2517 famemque
859 2445 1002 2513 laborum,

175 2515 208 2568 15
223 2513 259 2563 Et
271 2520 404 2581 superate
416 2525 483 2564 cuce
496 2512 639 2567 referebat
650 2515 724 2568 iussa
741 2531 889 2568 novercae.

225 2582 328 2632 Contra
343 2596 410 2652 ego:
433 2589 517 2651 turpe
530 2582 613 2636 deum
625 2584 740 2637 mortali
753 2585 853 2637 cedere
864 2583 941 2638 duxi:

224 2650 357 2702 Nondum
370 2658 430 2702 erat
442 2650 491 2703 ille
503 2650 585 2718 deus3
616 2654 721 2723 Regem
733 2670 779 2705 me
793 2654 884 2706 cernis
895 2668 1030 2724 equarum

226 2718 355 2771 Cursibus
368 2719 488 2791 obliquis
499 2720 630 2773 intertue
642 2739 729 2793 regne
742 2722 888 2776 fluentum.

224 2788 285 2840 Nec
296 2803 383 2858 gener
395 2790 514 2842 externis
527 2791 627 2860 hospes
641 2792 694 2843 tihi
707 2792 804 2843 missus
816 2793 851 2845 ab
867 2791 932 2858 oric,

173 2857 210 2913 20
226 2856 280 2908 Sed
291 2857 434 2926 populeris
448 2874 505 2925 ero,
524 2868 553 2911 et
564 2875 662 2911 rerum
672 2876 736 2929 pers
749 2877 805 2912 una
817 2870 941 2915 tuarum.

224 2927 346 2978 Tectum
356 2942 392 2978 ne
408 2936 518 2992 noceat,
535 2928 612 2998 quod
624 2946 671 2981 me
682 2946 735 2982 nec
749 2929 828 3001 regie
844 2934 913 2981 lunc

125 2997 130 3002 ’
225 2994 306 3061 Odit,
328 3003 357 3046 et
370 2995 460 3047 omnis
473 2998 552 3048 abest
562 2998 701 3050 iussorum
712 3014 804 3068 poene
819 2998 960 3054 laborum.

225 3066 299 3117 Nem
311 3063 388 3133 quod
402 3062 438 3116 de
453 3064 539 3117 iectus
551 3066 685 3119 Alcmena
697 3076 788 3120 matre
804 3075 945 3120 ereetum:

225 3131 331 3201 Iupiter
344 3140 395 3183 eut
409 3132 494 3186 falsus
505 3143 587 3204 peter
602 3143 652 3201 est,
671 3146 720 3189 eut
733 3136 852 3188 crimine
862 3152 954 3190 verus.

173 3204 209 3259 25
225 3200 322 3252 Matris
335 3200 473 3255 adulterio
486 3212 595 3273 petrem
607 3206 686 3273 petis.
719 3205 807 3277 Elige,
823 3206 923 3259 fictum

224 3272 289 3323 Esse
301 3272 395 3326 lovem
407 3271 497 3341 malis,
514 3290 551 3325 on
567 3282 596 3325 te
611 3291 661 3342 per
675 3273 796 3328 dedecus
814 3283 916 3330 orum.
999 3337 1005 3348 ,

225 3338 306 3394 Telie
317 3337 459 3395 dicentem
467 3340 634 3397 iamdudum
648 3343 755 3399 lumine
765 3352 847 3399 torvo
