2350 3834
211 208 215 213 “
256 196 705 331 nerinoaraosaon
725 198 808 287 Lis.
830 233 882 285 111.
919 216 926 232 “
1003 231 1045 296 55

9 410 11 443 γ
79 381 285 447 Purpuraque,
303 386 331 429 et
341 376 422 446 pictis
433 377 571 430 intertum
583 377 705 430 restibus
716 394 826 432 aurum.

9 460 10 517 3
82 451 177 511 Quem
191 447 306 517 quidem
322 465 374 517 ego
386 456 529 512 actutum,
546 447 632 498 modo
644 465 692 498 vos
708 447 844 514 absistite,
863 464 964 521 cogam

9 530 11 547 s
80 522 300 585 Assumtumque
313 527 422 585 patrem
438 525 654 586 commentaque
669 534 748 568 sacra
762 517 855 572 fateri.

79 590 126 636 An
137 586 203 636 satis
219 586 324 637 Acrisio
339 596 380 637 est
391 585 490 651 animi,
510 596 691 638 contemnere
705 603 809 639 vanum
866 646 869 651 ,

80 658 210 720 Numen,
230 663 258 706 et
270 655 411 724 Argolicas
423 656 545 706 venienti
559 654 689 707 claudere
701 664 810 722 portas;
948 686 950 693 ·
979 656 1044 718 ‚560

79 725 208 776 Penthea
219 725 337 775 terrebit
350 742 415 776 curn
430 725 496 775 totis
510 724 617 777 advena
627 723 748 776 Thebis?

81 797 125 845 Ite
142 793 207 857 citi,
225 793 339 843 famulis
355 793 410 845 hoc
421 793 561 861 imperat,
580 793 634 857 ite,
653 793 823 863 ducemque¹

80 862 224 913 Attrahite
234 863 290 914 huc
301 864 442 914 vinctum:
459 863 538 927 iussis
552 878 631 914 mora
645 863 735 930 segnis
751 864 856 916 abesto.

81 934 167 983 Hunc
178 948 260 996 avus,
278 932 354 984 huno
367 932 512 997 Athamas,
529 932 606 983 hunc
620 941 731 984 caetera
748 933 832 984 turba
843 948 958 986 suorum
1050 977 1052 983 .

82 1000 246 1069 corripiunt
259 1000 353 1065 dictis,
370 1000 531 1070 frustraque
545 1000 672 1052 inhibere
681 999 820 1055 laborant.
992 999 1043 1058 565

81 1070 184 1122 Acrior
202 1069 349 1121 admonitu
360 1080 414 1137 est,
433 1070 615 1138 imitaturque
627 1078 738 1121 retenta
1012 1100 1014 1105 ,

82 1141 117 1190 Et
131 1139 235 1191 crescit
246 1139 352 1191 rabies:
368 1141 613 1207 remoraminaque
626 1138 684 1208 ipsa
697 1138 846 1194 nocebant.

82 1207 130 1259 Sic
143 1225 197 1277 ego
211 1215 381 1274 torrentem,
400 1225 455 1277 qua
467 1208 508 1260 nil
520 1205 650 1260 obstabat
663 1209 749 1273 eunti,

81 1277 186 1328 Lenius
194 1310 209 1342 ‚·
221 1286 250 1328 et
262 1277 375 1329 modico
392 1278 508 1346 strepitu
518 1278 669 1330 decurrere
683 1278 748 1330 vidi.

9 1356 10 1359 ’
80 1350 133 1410 At,
152 1362 319 1416 quacunque
334 1346 428 1401 trabes
441 1347 639 1417 obstructaque
652 1364 716 1398 saxa
729 1346 870 1414 tenebant,
991 1345 1044 1404 570

82 1419 236 1483 Spumeus,
255 1424 284 1467 et
297 1415 423 1480 ferrens,
440 1424 471 1468 et
481 1417 516 1468 ab
529 1417 619 1469 obiice
633 1417 741 1468 saevior
753 1417 821 1469 ibat.

81 1486 170 1536 Ecce!
190 1484 330 1536 cruentati
342 1484 475 1538 redeunt:
494 1495 535 1551 et,
553 1486 675 1538 Bacchus
687 1485 737 1536 ubi
750 1494 830 1552 esset,

9 1564 11 1573 ’
83 1553 241 1615 Quaerenti
257 1553 388 1620 domino,
406 1555 546 1609 Bacchum
562 1556 661 1607 vidisse
671 1564 818 1625 negarunt.

82 1625 183 1688 Hunc,
201 1623 310 1689 dixere,
327 1632 423 1678 tamen
436 1624 582 1690 comitem,
600 1624 796 1693 famulumque
808 1636 955 1676 sacromm

84 1692 227 1761 Cepimus:
248 1701 275 1745 et
287 1693 403 1744 tradunt
415 1693 542 1746 manibus
553 1703 615 1762 post
631 1703 711 1763 terga
725 1693 826 1762 ligatis,
990 1687 1042 1744 576

83 1764 171 1813 Sacra
181 1761 226 1811 dei
240 1762 381 1831 quondam
394 1763 538 1830 Tyrrhena
550 1771 633 1833 gente
649 1770 786 1815 secutum.

117 1830 245 1898 Adspicit
256 1831 331 1883 hunc
345 1831 433 1883 oculis
445 1832 598 1898 Pentheus,
617 1848 686 1900 quos
696 1830 739 1881 ira
751 1826 911 1882 tremendos

81 1901 217 1951 Fecerat:
238 1910 279 1966 et,
299 1917 470 1970 quamquam
505 1918 593 1954 cenae
608 1901 652 1951 vix
663 1909 793 1968 tempora
806 1897 910 1964 differt,

83 1973 104 2019 0
117 1969 262 2036 periture,
273 1977 385 2039 'tuaque
397 1969 457 2027 aliis
490 1979 642 2023 ocumenta
656 1968 754 2021 dature

10 2100 11 2103 Ἴ
82 2040 191 2101 Morte,
208 2038 264 2103 ait,
282 2038 333 2090 ede
345 2048 425 2091 tuum
440 2055 558 2104 nomen,
577 2053 737 2106 nomenque
749 2043 907 2105 parentum,
990 2035 1043 2098 680

9 2108 11 2131 ³
82 2106 263 2175 Etpatriam;
282 2108 424 2179 morisque
438 2109 503 2161 novi
519 2125 662 2160 cursacra
675 2108 845 2175 frequentes.
1066 2133 1068 2136 -

82 2176 135 2227 Ille
149 2185 228 2227 metu
244 2193 364 2244 vacuus,
382 2181 493 2230 Nomen
504 2178 587 2243 mihi,
605 2177 684 2241 dixit,
702 2183 832 2239 Acoetes3

81 2245 177 2296 Patria
190 2246 388 2300 Maeonia'est:
405 2247 505 2299 humili
521 2247 556 2299 de
568 2246 650 2316 plebe
663 2253 800 2315 parentes.

82 2317 147 2367 Non
161 2314 246 2380 mihi,
266 2332 338 2385 quae
352 2316 416 2369 duri
432 2317 571 2381 colerent,
589 2326 684 2384 pater,
704 2331 771 2383 arra
783 2311 903 2380 iuvenci,

82 2383 270 2453 Lanigerosve
283 2402 396 2455 greges,
414 2402 472 2436 non
485 2386 542 2437 ulla
555 2393 682 2437 armenta
694 2383 816 2452 reliquit.
990 2380 1046 2435 585·

82 2454 192 2520 Pauper
205 2463 233 2504 et
246 2454 306 2523 ipse
319 2454 388 2506 fuit:
406 2454 520 2524 linoque
533 2455 640 2506 solebat
657 2463 685 2505 et
699 2453 798 2528 humo⁴

83 2523 151 2573 Deci
173 2539 235 2587 ere,
253 2532 282 2575 et
296 2523 405 2576 calamo
421 2524 665 2576 salientesducere
679 2521 776 2591 pisces.

82 2596 135 2642 Ars
148 2540 189 2643 illi
203 2608 253 2643 sua
270 2609 366 2644 census
385 2601 453 2645 erat.
489 2595 557 2644 Cum
569 2592 694 2644 traderet
710 2598 816 2654 artem3

83 2660 204 2728 Accipe,
221 2679 289 2731 quas
301 2661 407 2728 haheo,
425 2661 509 2712 studii
522 2678 664 2713 successor
679 2667 707 2711 et
717 2659 806 2717 heres,

18 2786 22 2791 ³
83 2729 172 2794 Dixit,
187 2746 269 2797 opes:
288 2732 466 2801 moriensque
482 2730 553 2781 mihi
565 2729 636 2781 nihil
648 2728 695 2780 ille
704 2726 827 2796 reliquit,
988 2728 1041 2784 590

82 2800 199 2849 Praeter
213 2815 313 2868 aquas;
330 2817 418 2853 unum
430 2799 485 2852 hoc
497 2815 610 2869 possum
624 2796 765 2866 appellare
780 2804 937 2865 paternum.

83 2869 150 2919 Mox
163 2884 231 2937 ego,
249 2886 285 2920 ne
299 2870 420 2938 scopulis
434 2868 580 2921 haererem
593 2885 704 2937 semper
717 2866 747 2918 in
758 2867 858 2933 ladem,

82 2935 212 2987 Addidici
222 2938 366 3008 regimen,
384 2940 481 2990 dextra
492 2937 671 3003 moderante,
689 2936 803 2991 carinae

82 3005 272 3058 Flecteres’et
283 3006 397 3060 Oleniae
410 3005 485 3059 sidus
495 3007 616 3076 pluviale
628 3003 762 3075 capellae,

82 3077 295 3144 Taygetenque,
312 3078 476 3146 Hyadasque
493 3075 582 3129 oculis
594 3082 753 3146 Arctonque
765 3072 870 3140 notari,
988 3069 1038 3122 695

9 3206 10 3211 ¹
81 3146 295 3214 Ventorumque
307 3145 421 3211 domos,
431 3155 469 3197 et
482 3154 578 3213 portus
592 3146 728 3214 puppibus
739 3153 828 3214 aptos.

82 3216 169 3281 Forte
182 3221 278 3280 petens
291 3214 394 3280 Delon,
413 3214 476 3265 diae
490 3212 599 3267 telluris
612 3217 648 3266 ad
662 3232 724 3266 oras

81 3281 233 3349 Applicor,
252 3292 280 3334 et
293 3282 395 3335 dextris
405 3283 531 3335 adducor
543 3284 639 3334 littora
652 3284 753 3335 remis:

80 3354 184 3421 Doque
195 3350 269 3404 leves
282 3352 381 3406 saltus:
399 3353 528 3423 udaeque
541 3353 647 3405 innitor
659 3367 769 3405 arenae.
820 3410 824 3415 ,
