2350 3834
159 196 234 260 1481
312 180 332 242 ὅ
424 196 458 252 1².
481 196 632 254 0v1o11
651 200 848 258 ursonis
874 156 877 162 ¹

153 403 157 414 ⁴
224 344 297 399 Nam
310 340 396 396 modo
409 350 438 396 te
450 344 598 412 invenem,
613 339 701 402 modo
714 355 744 401 te
758 345 854 400 ridere
867 345 995 413 leonem

225 416 306 467 Nunc
319 413 457 465 violentus
471 432 554 483 sper,
572 433 664 483 nunc,
682 434 768 486 quem
779 417 901 487 tetigisse
911 418 1048 486 timerent,

223 482 328 553 Anguis
341 499 417 548 eras3
434 484 520 536 modo
531 493 562 536 te
573 485 717 540 faciebant
729 503 836 539 cornua
845 495 967 540 taurum.

153 550 206 608 786
224 557 311 620 Saepe
324 551 395 621 lapis
406 560 534 620 poteras,
550 555 637 610 arbor
647 571 759 625 quoque
768 571 852 625 saepe
866 555 964 609 videri.

222 621 378 686 Interdum,
392 620 497 674 faciem
507 622 680 692 liquidarum
689 624 816 677 imitatus
827 641 974 694 nqueruim

221 690 339 746 Flumen
352 707 427 743 eras:
444 691 586 749 interdum
599 693 682 745 undis
695 694 851 747 comasius
864 695 946 765 ignis.

257 762 316 813 Nec
329 761 421 812 minus
434 761 563 830 Autolyci
576 763 693 828 coniux,
709 762 905 817 Erisichthone
916 770 992 829 natal

222 828 293 887 luris
304 829 405 882 habet·
425 827 517 883 'Peter
529 831 612 884 huius
621 840 698 899 eret,
717 833 765 902 qui
778 832 895 885 numina
905 833 1006 886 Divum

152 894 206 953 740
222 900 239 950 S
261 909 387 964 emeret,
405 907 434 952 et
444 899 537 952 nollus
550 901 610 952 aris
618 901 746 953 adoleret
757 901 888 957 honores.

257 984 272 1019 e
283 968 369 1020 etiam
381 968 495 1021 Cereale
505 983 604 1022 nemus
615 970 731 1023 violasse
739 971 832 1023 securi

221 1036 483 1102 Dicitumet'lucos
498 1039 576 1092 ferro
592 1048 743 1093 temerasse
755 1047 887 1098 vetustos.

223 1106 320 1162 Stabat
332 1107 362 1158 in
375 1106 416 1158 his
427 1107 526 1178 ingens
539 1126 644 1161 annoso
657 1110 761 1162 robore
774 1124 909 1178 quercum

220 1177 282 1227 Una
295 1185 408 1228 nemus:
426 1177 514 1230 sittse
524 1178 662 1244 mediam,
679 1194 877 1248 memoresque
888 1176 1018 1245 tahessss,
1033 1187 1039 1196 ‘

149 1241 202 1302 745
220 1247 356 1315 Sertaque
370 1246 534 1315 cingebant,
553 1246 614 1298 voti
624 1257 793 1318 argumenta
804 1246 937 1316 potentis.

219 1316 307 1382 Saepe
321 1314 372 1366 sub
385 1313 440 1366 hac
449 1316 574 1383 Dryades
585 1317 670 1368 festas
681 1317 784 1369 duxere
798 1316 927 1369 choreus:

220 1385 309 1451 Saepe
322 1381 421 1450 etiem,
438 1385 567 1436 manibus
578 1386 656 1437 nexis
669 1403 704 1437 ex
717 1385 831 1451 ordine,
848 1383 944 1437 trunci

221 1450 361 1503 circuiere
372 1451 503 1516 modum3
521 1469 708 1524 mensuraque
718 1454 828 1507 roboris
840 1452 921 1504 ulnas

221 1521 352 1590 Quinque*
360 1529 406 1573 ter
415 1520 565 1591 implebat:
581 1539 637 1575 nec
651 1540 709 1575 non
724 1532 754 1575 et
766 1531 877 1575 caetere
890 1529 970 1574 tanto

148 1587 201 1642 750
218 1586 292 1640 silva
302 1589 354 1641 sub
365 1589 435 1652 hac,
453 1591 523 1643 silva
537 1600 642 1660 quanto
654 1592 729 1644 iscet
742 1591 831 1643 herba
842 1590 892 1644 rub
905 1589 992 1643 omni.

216 1659 280 1710 Non
292 1666 388 1710 tamen
398 1658 506 1711 idcirco
518 1660 629 1712 ferrum
639 1660 785 1729 Triopeius
798 1660 848 1711 illa

215 1726 367 1791 Abstinuit3
385 1728 563 1799 famulosque
575 1729 655 1780 iubet
666 1729 811 1782 succidere
822 1744 934 1782 sacrum

118 1802 123 1820 '
183 1857 190 1866 .
216 1796 328 1847 Robur:
347 1805 376 1847 et
390 1805 423 1848 ut
434 1798 523 1850 iussos
537 1798 663 1850 cunctari
674 1799 757 1866 sidit,
774 1799 810 1850 ab
824 1814 882 1860 uno
926 1843 930 1848 .
963 1825 967 1832 =

216 1864 391 1917 Edidit-haec
401 1875 484 1934 rapto
494 1868 647 1920 sceleratus
659 1868 746 1919 verba
758 1866 864 1919 securi:

146 1931 199 1989 755
215 1936 279 1986 Non
295 1934 399 1987 dilecte
411 1935 479 1987 deae
491 1936 600 2003 solum,
618 1936 668 1988 sed
683 1945 711 1988 et
722 1935 782 2006 ipsa
793 1934 891 1988 licebit

217 2002 259 2053 sit
271 2002 339 2072 dea,
357 2005 522 2076 ism'tanget
534 2005 686 2058 frondente
698 2004 843 2057 cacumine
852 2012 984 2057 terram..

216 2072 306 2125 Dixit:
325 2082 365 2138 et,
383 2073 512 2143 obliquos
526 2075 593 2126 dum
606 2073 694 2126 telum
705 2075 792 2126 librat
803 2074 832 2125 iu
843 2072 925 2138 ictus,

218 2142 408 2208 Contremuit,
423 2146 616 2213 gemitumque
632 2143 708 2195 dedit
720 2146 808 2196 Deoia
861 2156 959 2194 ercuss

183 2207 189 2214 ⁴
214 2210 249 2260 Et
261 2211 368 2277 pariter
380 2211 509 2281 frondes,
526 2214 632 2281 pariter
642 2212 797 2282 pallescere
810 2230 829 2283 g
840 2210 925 2264 andes
984 2211 1004 2266 7

145 2277 199 2332 760
217 2279 353 2347 coepere,
372 2297 405 2332 ec
416 2280 494 2352 longi
509 2282 646 2348 pallorem
659 2282 764 2335 ducere
776 2281 857 2334 remi.

216 2347 298 2400 Cuius
310 2357 341 2400 ut
355 2348 384 2399 in
396 2357 498 2403 trunco
511 2350 582 2403 fecit
595 2369 693 2404 manus
705 2350 792 2420 impia
805 2350 921 2416 vulnus3

213 2417 294 2468 Haud
305 2417 388 2469 aliter
400 2418 494 2487 fluxit,
512 2419 636 2472 discussa
649 2421 770 2486 cortice,
788 2419 910 2490 smguis,

215 2488 305 2548 Quam
319 2487 404 2550 solet,
422 2498 486 2541 ente
498 2506 558 2541 aras
571 2489 669 2561 ingens
683 2489 734 2542 ubi
745 2490 861 2541 victima
868 2497 966 2540 taurus

213 2556 356 2625 Concidit,
374 2557 493 2627 abrupta
507 2576 593 2611 cruor
605 2577 620 2611 e
633 2559 742 2612 cervice
755 2558 894 2627 profusus.

144 2621 196 2678 765
214 2624 385 2694 Obstupuere
397 2644 508 2681 omnes:
525 2628 679 2698 clipeusque
691 2644 724 2680 er
738 2628 867 2680 omnibus
881 2623 966 2679 sudet
1022 2653 1025 2658 >

213 2694 361 2747 Deterrere
372 2698 465 2764 nefas,
480 2715 649 2767 saevamque
662 2697 789 2750 inhibere
801 2696 955 2765 bipennim.

211 2761 336 2831 Adspicit
347 2765 439 2833 hunc,
456 2768 611 2837 Mentisque
626 2767 689 2836 piae
704 2784 773 2835 cepe
785 2765 923 2835 praemia,
941 2764 1010 2818 dixit

212 2830 372 2886 lliessalus:
388 2835 474 2905 inque
486 2836 579 2888 virum
592 2836 731 2889 convertit
747 2835 782 2888 ab
799 2835 899 2888 arbore
910 2835 1030 2903 ferrum,

141 2922 144 2926 ’
208 2899 417 2972 Detruncatque
431 2914 530 2973 caput3
545 2906 722 2975 repetitaque
733 2905 837 2958 robora
850 2903 950 2959 caedit.

142 2965 195 3023 770
210 2968 305 3022 Editus
319 2972 440 3024 emedio
450 2991 535 3026 sonus
545 2984 587 3027 est
600 2992 666 3028 cum
678 2975 782 3027 robore
793 2972 873 3025 talis:

209 3040 339 3109 Nympha
353 3041 405 3092 sub
418 3042 474 3108 lioc
486 3061 540 3115 ego
551 3061 629 3112 sum,
647 3043 741 3100 Cereri
753 3041 928 3113 gratissima,
943 3039 1038 3113 lignos

154 3169 157 3173 ¹
212 3110 289 3170 Quae
300 3109 353 3161 tibi
365 3108 509 3165 factorum
521 3130 626 3181 poenus
638 3113 741 3166 instare
752 3120 868 3165 tuorum

155 3238 159 3251 x
209 3176 354 3231 vaticinor
365 3180 504 3249 moriens,
521 3182 610 3236 nostri
622 3182 723 3248 solatia
734 3182 793 3235 leti.

136 3249 140 3260 '
207 3246 386 3316 Persequitur
396 3249 488 3301 scelus
504 3250 554 3303 ille
568 3268 664 3304 suum:
681 3251 878 3320 labefactaque
890 3245 1011 3304 tendent

140 3312 191 3373 775
209 3315 312 3369 Ictibus
324 3317 491 3389 innumeris,
508 3320 686 3392 adductaque
698 3319 812 3375 funibus
823 3320 910 3374 arbor

1144 2809 1146 2872 l
