2350 3834
153 218 214 284 iffi
408 220 440 275 Ρ.
461 217 619 272 OVIDII
640 215 841 276 NASONIS

216 367 317 426 Terret
330 366 403 432 ares,
420 379 532 433 semper
544 380 651 435 pennas
665 362 792 417 hahuisse
805 365 918 434 putetis.

217 437 268 489 Vir
282 436 351 487 fuit:
370 443 486 487 ettanta
498 444 541 487 est
555 434 822 501 animi'constantia,
841 444 982 506 quanwnt

218 510 290 557 Acer
301 512 370 569 erat,
388 502 521 573 belloque
530 505 619 569 ferox,
638 503 674 555 ad
686 504 799 573 vimque
817 514 941 572 paratus,

150 574 202 631 295
220 574 340 627 Nomine
356 573 525 637 Daedalium
544 573 594 625 illo
610 573 738 644 genitore
752 582 870 641 creatus,

220 643 275 707 Qui
286 652 368 696 vocat
380 650 527 709 Auroram,
545 644 681 712 coeloque
696 642 862 696 novissimus
876 643 941 697 exit.

219 711 299 764 Culta
312 712 381 764 mihi
394 729 448 782 pax
462 721 516 773 est;
533 713 612 781 pacis
624 711 693 764 mihi
705 728 773 763 cura
785 712 917 779 tuendae,

183 815 186 822 ·
219 782 400 853 Coniugiique
412 781 480 834 fuit:
498 782 581 833 fratri
594 781 656 833 iera
669 780 745 832 bella
759 780 933 849 placebant..

150 894 152 898 ,
218 850 295 903 Illius
309 852 396 903 virtus
409 868 498 932 reges,
516 859 669 921 gentesque
683 850 801 920 subegit,

149 920 203 976 300
221 923 298 982 Quae
311 937 386 973 nunc
397 921 545 972 Thisbaeas
559 920 647 991 agitat
659 928 765 970 mutata
780 919 933 972 columbas.

217 992 289 1042 Nata
304 998 365 1042 erat
377 990 443 1042 huic
456 990 574 1041 Chione:
595 1005 665 1058 quae
682 989 855 1040 dotatissima
866 989 976 1042 forma·

216 1059 294 1111 Mille
306 1060 399 1128 procis
410 1058 525 1128 placuit,
544 1058 586 1111 his
600 1067 708 1127 septem
722 1057 825 1109 nubilis
836 1058 926 1113 annis.

114 1142 116 1149 ·
216 1130 306 1181 Forte·
313 1137 482 1182 revertentes
494 1128 630 1192 Phoebus,
647 1127 776 1196 Maiaque
790 1136 911 1196 oreatus,

216 1197 269 1249 llle
283 1198 339 1249 suis
353 1197 474 1266 Delphis,
492 1198 539 1249 hic
551 1198 656 1249 vertice
674 1196 814 1265 Cylleueo,

147 1265 200 1324 805
218 1266 319 1319 Videre
333 1267 406 1318 hanc
418 1266 531 1335 pariter,
548 1265 658 1334 pariter
670 1274 781 1317 traxere
794 1265 929 1319 calorem.

217 1339 302 1404 Spem
312 1335 426 1388 Veneris
441 1334 537 1387 differt
550 1336 579 1386 in
593 1344 723 1403 tempora
736 1336 827 1387 noctis
838 1335 955 1404 Apollo:

189 1463 192 1468 .
216 1407 280 1457 Non
295 1404 361 1456 tulit
372 1404 421 1455 ille
433 1421 536 1464 moras,
554 1405 688 1473 virgaque
699 1413 829 1458 movente
844 1417 978 1473 soporem

214 1472 337 1543 Virginis
353 1490 382 1524 os
393 1474 492 1543 tangit.
515 1475 604 1525 Tactu
617 1474 690 1525 iacet
704 1473 754 1525 illa
766 1474 884 1542 potenti,
898 1508 904 1514 -
945 1482 964 1500 ·“

215 1543 280 1594 Vim
300 1559 335 1594 ue
351 1541 397 1593 dei
414 1543 527 1611 patitur.
553 1545 614 1594 Nox
627 1542 740 1596 coelum
754 1551 894 1611 sparserat
907 1541 1002 1602 astrlss

145 1613 200 1684 310
215 1560 341 1664 Phoelrus
354 1628 440 1663 auum
455 1611 576 1676 simulat,
594 1620 803 1680 praeceptaque
813 1612 917 1681 gaudia
930 1610 1024 1664 sumit.

131 1723 133 1730 s
215 1685 252 1733 Ut
266 1697 315 1732 sua
328 1689 455 1733 maturus
469 1681 620 1749 complevit
631 1683 763 1750 tempora
773 1688 886 1746 ventem

214 1749 337 1819 alipedis
353 1750 388 1801 de
404 1751 490 1819 stirpe
505 1749 559 1816 dei,
578 1759 691 1802 versuta
706 1765 843 1831 propago,

215 1820 346 1873 Nascitur
358 1819 519 1887 Autolycus,
537 1821 647 1872 furtum
659 1821 826 1888 ingeniosus
835 1815 871 1869 ad
886 1833 983 1888 orme,

215 1889 269 1952 Qui
282 1888 377 1940 facere
393 1897 524 1955 assuerat,
541 1888 648 1957 patriae
661 1905 718 1939 non
729 1887 853 1958 degener
863 1887 941 1954 artis,

145 1961 197 2018 315
215 1958 337 2010 Candida
351 1957 386 2009 de
400 1957 497 2027 nigris,
516 1966 545 2009 et
560 1957 596 2010 de
610 1956 794 2009 candentibus
807 1965 877 2009 atra

214 2027 344 2082 Nascitur
358 2044 373 2079 e
387 2028 509 2091 Phoebo,
527 2041 649 2095 namque
663 2035 705 2077 est
718 2027 799 2077 enixa
812 2022 957 2095 gemellos,

216 2096 343 2149 Carmine
354 2096 446 2148 vocali
460 2097 560 2161 clarus,
579 2096 744 2165 citharaque
757 2094 943 2164 Philammon.

216 2166 289 2229 Quid
301 2166 441 2234 peperisse
454 2165 532 2232 daos,
553 2173 582 2216 et
599 2165 641 2216 dts
664 2164 802 2232 placuisse
818 2163 936 2229 duobus,

215 2238 249 2286 Et
263 2235 332 2286 forti
346 2235 482 2304 genitore,
501 2243 529 2286 et
542 2233 724 2304 progenitore
737 2232 863 2286 Tonanti

145 2306 200 2365 320
216 2307 280 2356 Esse
295 2311 386 2354 satam
400 2304 536 2371 prodest?
555 2320 591 2354 au
608 2303 688 2356 obest
700 2319 814 2371 quoque
828 2300 921 2383 gloria
932 2299 1044 2355 medus?

216 2373 313 2424 obtuit
326 2372 392 2424 huic
406 2381 500 2426 certe:
518 2389 591 2442 quae
606 2388 635 2423 se
649 2372 794 2440 praeferre
812 2374 916 2423 Dianae
964 2393 967 2402 ’
1087 2374 1090 2381 “

217 2442 361 2508 Sustinuit,
379 2442 539 2512 faciemque
554 2442 624 2493 deae
639 2442 771 2509 culpavit.
795 2445 830 2491 At
842 2440 885 2491 illi

214 2516 260 2564 Ira
270 2512 350 2564 ferox
359 2521 438 2564 mota
453 2521 503 2578 est,
521 2510 667 2579 Factisque
679 2507 970 2579 placatissimum

168 2597 170 2604 ·
216 2584 382 2645 Nec-mora3
402 2581 528 2633 curvavit
544 2596 643 2643 cornu,
661 2593 746 2631 nervo
769 2595 804 2631 ue
822 2579 956 2649 sagittam

147 2650 200 2707 325
217 2650 339 2720 Impulit,
358 2660 386 2702 et
403 2651 535 2703 meritam
548 2647 662 2701 traiecit
677 2666 727 2700 aru
766 2649 813 2699 ine
826 2648 962 2717 linguatus

216 2719 324 2789 Lingua
338 2728 423 2787 tacet,
441 2738 495 2773 nec
505 2736 566 2783 vor,
584 2727 747 2787 tentataque
760 2717 845 2770 verba
859 2723 1027 2785 sequuntm':

217 2790 426 2859 (tonantemque
439 2790 518 2859 loqui
531 2806 596 2841 eum
609 2788 744 2857 sauguine
754 2787 813 2839 vita
830 2784 953 2855 reliquit.

219 2863 319 2924 Quem,
339 2861 443 2911 misera
456 2877 473 2911 o
488 2859 588 2927 pietas!
607 2865 733 2927 egotam
746 2866 902 2926 patruoque
914 2854 1040 2907 dolorem

219 2927 308 2979 Corde
322 2928 382 2993 tuli,
400 2928 538 2997 fratrique
552 2927 605 2996 pio
613 2926 713 2979 solatia
725 2925 789 2978 dixi.

149 2996 203 3052 830
221 3000 296 3059 Quae
311 3006 392 3065 pater
405 2998 480 3048 haud
492 2997 582 3060 aliter,
599 3012 684 3065 quam
698 3005 793 3047 cautes
806 3009 954 3048 murmura
965 2989 1050 3061 ponti,

217 3066 343 3133 Accipit,
355 3075 382 3116 et
393 3074 488 3117 natam
502 3066 709 3117 delamentatur
723 3064 875 3116 ademtam.
1032 3087 1034 3094 >

219 3139 257 3186 Ut
267 3150 333 3187 vero
349 3134 495 3186 ardentem
509 3135 588 3200 vidit,
608 3142 707 3203 quater
723 3135 843 3201 impetus
857 3132 899 3185 illi

217 3207 250 3255 Iu
267 3203 373 3255 medios
390 3204 445 3255 fuit
460 3205 503 3256 ire
519 3220 615 3275 rogos3
635 3212 734 3273 quater
746 3202 811 3253 iude
827 3201 955 3272 repulsus

218 3274 332 3324 Concita
349 3274 477 3326 membra
491 3275 576 3344 fugae
594 3272 720 3338 mandat,
738 3271 893 3341 similisque
907 3270 1033 3335 iuvenco,
1061 3301 1065 3310 ·

151 3337 202 3395 835
220 3342 332 3410 spicula
346 3343 516 3397 crabronum
526 3359 621 3413 pressa
638 3343 749 3405 cervice
759 3341 878 3415 gerara,
