2350 3834
231 185 692 278 'marano-annosam
713 221 797 283 avt-a.
820 199 881 283 'vu
975 228 1036 289 117

76 371 172 422 Verba
181 363 266 419 simul
279 364 381 432 fundit,
398 374 566 438 terrenaque
578 368 694 420 numina
706 370 806 439 poscit,

78 439 306 504 Umbrarumque
317 444 399 505 rogat
407 445 490 505 rapta
502 454 567 489 cum
580 439 699 507 coniuge
712 455 818 511 regem,

75 510 104 561 N
106 525 120 559 a
131 513 287 627 properent
303 513 378 556 artus
393 505 485 557 anima
496 506 628 559 fraudare
639 507 747 560 seniles.
985 511 1038 566 250

77 581 155 639 Quos
169 591 188 626 u
208 575 220 625 i
233 574 357 641 placavit
370 574 564 645 precibusque,
583 586 612 628 et
625 592 770 629 murmure
785 576 885 650 longo;

76 645 193 697 Aesonis
206 643 340 710 effoemm
350 643 474 714 proferri
485 657 585 714 corpus
599 646 635 696 ad
646 660 707 697 aras

76 714 174 766 Iussit:
192 711 262 764 etin
275 711 373 780 plenos
385 713 537 764 resolutum
551 715 676 766 carmine
687 730 808 783 somnos,
856 715 863 726 '

77 781 207 834 Exanimi
218 782 344 846 similem,
361 781 454 832 stratis
464 784 589 851 porrexit
602 784 631 834 in
641 783 748 837 herbis.

77 854 151 903 Hinc
166 850 266 920 procul
276 849 440 915 Aesoniden,
458 852 560 919 procul
574 852 641 903 hinc
655 852 733 904 iubet
747 850 952 921 neminimus,
985 856 1037 912 255

76 923 112 973 Et
124 928 224 972 monet
235 918 344 971 meanis
356 919 452 970 oeulos
466 921 766 989 removere'profanos.

76 988 238 1058 Diffugiunt
248 988 322 1040 iussi.
346 988 451 1056 Sparsis
463 990 561 1041 Medea
575 990 692 1058 capillis,

76 1052 269 1110 Bacchantum
283 1056 348 1121 ritu,
366 1057 519 1127 flagrantes
534 1058 635 1110 circuit
649 1075 720 1125 aras,

76 1125 285 1195 Multifidasque
296 1125 372 1177 iaces
382 1127 410 1177 in
425 1126 500 1179 fossa
513 1127 653 1197 sanguinis
665 1137 727 1179 atra

76 1196 183 1266 Tingit,
203 1204 230 1246 et
241 1196 372 1246 intinctas
385 1196 502 1265 geminis
515 1197 643 1248 accendit
656 1198 686 1248 in
700 1196 771 1249 aris:
985 1199 1038 1254 260

75 1266 190 1333 Terque
205 1281 300 1316 sanem
313 1264 437 1331 flamma,
453 1274 499 1317 ter
513 1283 593 1335 aqua,
611 1274 656 1317 ter
668 1266 800 1336 sulphure
810 1267 919 1321 hutrat.

75 1338 188 1387 Interea
197 1333 321 1385 validum
333 1334 424 1401 posito
435 1335 611 1387 medicamen
622 1338 693 1388 aino

75 1406 187 1467 Fervet,
205 1411 233 1454 et
244 1402 370 1467 exsultat,
388 1405 547 1473 spumisque
561 1405 732 1457 tumentibus
743 1404 827 1459 albet.
914 1425 918 1432 ’

74 1472 140 1525 Illic
152 1471 307 1523 Haemonia
316 1470 424 1523 radices
437 1473 510 1525 valle
522 1483 653 1540 resectas,

74 1540 254 1609 Seminaque,
271 1541 420 1610 floresque,
438 1550 466 1593 et
477 1560 575 1595 succos
588 1542 715 1612 incoquit
724 1557 810 1598 acres.

74 1610 316 1666 Adiicitextremo
329 1609 434 1678 lapides
450 1612 563 1663 Oriente
578 1612 689 1679 petitos,

74 1681 119 1743 Et,
139 1695 208 1747 quas
220 1678 323 1730 Oceani
335 1678 455 1730 refluum
469 1680 635 1746 increbuit,
653 1676 760 1733 arenas.

75 1745 202 1800 audites
216 1756 343 1816 exceptas
357 1750 435 1799 Luna
447 1757 582 1817 pernocte
596 1748 720 1817 pruinas,
798 1749 800 1756 ’

74 1820 111 1870 Et
127 1815 221 1886 strigis
232 1816 360 1882 infames,
376 1816 442 1885 ipsis
456 1834 521 1869 cum
537 1817 674 1883 carnibus,
692 1817 758 1886 alas,

73 1890 167 1954 Inque
180 1884 273 1937 virum
285 1885 360 1937 soliti
373 1886 465 1937 vultus
478 1895 588 1937 mutare
601 1883 708 1937 ferinos

75 1955 211 2031 Ambigui
227 1962 355 2023 prosecta
369 1954 436 2023 lupi.
460 1957 518 2007 Nec
535 1955 625 2008 defuit
634 1954 694 2007 illic

76 2028 218 2103 squamea
228 2023 354 2092 Cinyphii
363 2025 456 2075 tenuis
468 2025 633 2075 membrana
645 2022 780 2092 chelydri,
834 2045 839 2050 =

76 2093 243 2161 vivacisque
253 2093 332 2144 iecur
344 2090 438 2158 cervis
456 2093 555 2163 quibus
568 2094 682 2212 insuper
696 2091 773 2144 addit

77 2166 285 2230 Orarcaputque
300 2177 401 2213 novern
416 2162 534 2214 cornicis
546 2171 629 2214 saecu
641 2177 657 2213 a
671 2171 778 2231 passae.

76 2231 125 2283 His
143 2240 173 2284 et
186 2229 336 2294 millealiis
349 2240 499 2301 postquam
510 2232 569 2283 sine
579 2231 694 2283 nomine
705 2230 788 2282 rebus
842 2229 844 2234 ’

77 2299 255 2369 Propositum
267 2300 397 2351 instruxit
407 2300 522 2353 mortali
536 2302 656 2352 barbara
669 2316 787 2363 munus;

76 2369 176 2421 brenti
188 2384 268 2420 ramo
281 2368 448 2438 iampridem
460 2369 534 2420 mitis
546 2369 636 2421 olivae

78 2438 180 2489 Omnia
195 2436 332 2501 confudit,
348 2440 520 2507 summisque
529 2438 683 2489 immiscuit
696 2437 762 2490 ima.

77 2508 168 2559 Ecce!
185 2516 263 2557 vatus
279 2505 369 2558 calido
382 2517 506 2559 versatus
523 2508 606 2576 stipes
621 2509 692 2558 alino
763 2565 767 2576 ,

77 2575 122 2627 Fit
132 2574 229 2627 viridis
240 2574 346 2644 primo:
363 2593 416 2628 nec
429 2576 514 2645 longo
529 2585 657 2644 tempore
670 2574 802 2626 frondem

78 2644 187 2697 lnduit:
206 2652 235 2696 et
244 2644 335 2695 subito
350 2645 470 2714 gravidis
484 2653 616 2695 oneratur
630 2643 718 2696 olivis.

78 2718 115 2765 At
128 2729 297 2784 quaeamus
310 2730 378 2764 cavo
394 2730 504 2781 spumas
519 2714 600 2764 eiecit
613 2714 684 2763 aino

79 2784 164 2853 Ignis,
184 2782 254 2834 etin
267 2790 373 2833 terram
387 2792 483 2858 guttae
499 2782 626 2834 cecidere
642 2780 779 2844 calentes3

79 2856 185 2905 Vernat
200 2850 315 2902 humus:
332 2851 482 2921 floresque,
505 2860 533 2902 ct
546 2850 643 2902 mollia
656 2849 760 2919 pabula
772 2855 895 2920 surgunt

80 2920 162 2981 Quod
173 2919 258 2971 simul
270 2936 304 2970 ac
318 2920 403 2985 vidit3
421 2921 517 2972 stricto
529 2919 627 2971 Medea
640 2918 759 2971 recludit

79 2991 150 3040 Ense
165 2988 238 3048 senis
249 2988 392 3057 iugulum:
410 2985 590 3059 veteremque
605 2990 678 3040 exire
695 3002 824 3038 cruorem

80 3059 169 3124 Passa,
187 3057 279 3126 replet
290 3059 387 3111 succis.
414 3062 489 3122 Quos
505 3069 653 3128 postquam
668 3055 804 3109 combibit
816 3059 904 3108 Aeson

81 3130 134 3178 Aut
147 3144 196 3178 ore
212 3135 351 3194 acceptos,
370 3136 418 3179 aut
432 3128 562 3193 vulnere3
580 3127 678 3192 barba,
696 3140 849 3195 comaeque
935 3143 938 3154 ¹

85 3195 189 3247 (lanitia
201 3195 292 3264 posita
306 3196 418 3266 nigrum
430 3214 549 3266 rapuere
559 3196 692 3248 colorem.
876 3203 879 3212 ’

81 3264 161 3317 Pulsa
171 3264 247 3334 fugit
260 3265 381 3331 macies;
398 3267 501 3317 abeunt
511 3265 669 3334 pallorque,
687 3264 825 3332 situsque3

83 3332 256 3404 adiectoque
272 3350 356 3387 cavae
369 3335 666 3406 supplentursanguine
677 3348 780 3394 venae3
825 3349 828 3354 ·
882 3341 894 3356 ⁶
