2350 3834
131 174 173 240 60
400 182 431 235 1³.
456 182 605 238 ovtmt
625 186 818 242 NASONIS

199 401 284 465 Facta
297 398 342 450 dei
355 398 454 451 fecisse
466 398 533 465 de05
551 417 603 468 pro
616 401 723 453 huniae
733 400 846 455 ademto

123 486 127 505 ¹
199 464 276 519 Scire
288 466 385 519 futura
397 467 483 534 dedit,
500 486 676 539 poenamque
691 471 794 522 levavit
806 472 923 528 honore.

7 570 8 587 2
96 511 162 583 ss
233 536 284 589 Ille
299 536 477 604 particulas,
496 539 574 590 ferna
589 539 803 605 celeberrimus,
822 542 907 594 urbes

130 597 183 662 340
199 606 397 674 irreprehensa
411 603 614 676 dabatpopulo
627 626 758 677 responsa
775 610 890 677 petenti.

197 675 291 727 Prima
303 674 359 727 fide
372 677 502 746 vocisque
516 687 594 729 ratae
607 679 761 729 tentamina
773 681 872 730 sumsit
911 710 917 723 s
990 701 996 711 ·

199 744 317 803 Coerula
329 745 455 813 Liriope:
476 764 559 815 quarn
575 747 717 816 quondam
729 746 847 799 flumine
863 762 949 802 curto

198 813 355 883 implicuit,
373 814 539 885 clausaeque
553 817 608 867 suis
622 817 749 885 Cephisos
763 818 794 867 in
808 817 891 868 undis

198 884 262 934 Vim
274 882 348 936 tulit.
367 883 453 936 Enixa
467 895 508 937 est
521 893 602 937 utero
615 885 787 954 pulcerrima
797 885 881 953 pleno

128 950 180 1009 345
198 953 351 1019 Infantem,
369 955 503 1023 Nymphis
515 955 571 1006 iam
584 972 661 1006 nunc
674 955 729 1024 qui-
735 963 828 1022 posset
840 956 944 1018 amari3

197 1020 413 1092 Narcissumque
426 1031 518 1076 vocat.
544 1027 584 1075 De
620 1024 828 1089 inconsultus,
845 1042 883 1076 an
896 1034 967 1078 esset

197 1095 337 1160 Tempora
348 1101 476 1144 maturae
487 1094 595 1144 visurus
600 1042 692 1163 ionga
704 1102 842 1159 senectae,

197 1162 339 1214 Fatidicus
352 1171 443 1226 vates,
463 1161 490 1212 si
502 1179 531 1214 se
545 1179 602 1212 non
616 1162 733 1223 viderit,
752 1163 852 1231 inquit.

197 1234 275 1282 Vana
287 1231 334 1281 diu
347 1230 405 1282 visa
417 1239 458 1282 est
470 1247 523 1282 vox
537 1231 658 1299 auguris.
686 1232 776 1285 Exitus
791 1232 879 1294 illam,

128 1298 180 1353 350
198 1303 306 1368 Resque
317 1299 435 1367 prohat,
453 1299 558 1370 letique
572 1317 674 1369 genus,
693 1300 855 1369 novitasque
869 1299 983 1356 furoris.

197 1374 312 1438 lamque
324 1377 370 1420 ter
382 1368 418 1420 ad
430 1368 529 1437 quinos
540 1385 628 1419 unum
644 1369 784 1437 Cephisius
797 1386 902 1421 annum

195 1438 361 1490 Addiderat:
378 1445 546 1507 poteratque
557 1452 643 1506 puer,
661 1438 824 1507 iuvenisque
836 1438 934 1492 videri.

195 1508 279 1560 Multi
290 1507 371 1558 illurn
382 1507 510 1574 iuvenes,
527 1507 635 1558 multae
649 1508 761 1576 cupiere
774 1506 894 1576 puellae.

197 1578 250 1629 Sed
262 1576 318 1627 fuit
332 1577 362 1628 in
372 1585 471 1628 tenera
483 1585 544 1628 tam
559 1575 622 1627 dira
633 1577 764 1645 superbia
780 1577 888 1639 sorma3

127 1641 180 1698 855
196 1645 273 1700 Nulli
284 1644 364 1697 illum
379 1645 507 1711 iuvenes,
524 1645 618 1697 nullae
632 1647 751 1716 tetigere
766 1646 885 1715 puellae.
946 1660 948 1665 ’

229 1715 353 1784 Adspicit
363 1715 454 1780 hunc,
471 1715 597 1784 trepidos
610 1716 761 1784 agitantem
774 1716 803 1766 in
818 1717 891 1766 retia
905 1734 1012 1786 cervos,

147 1783 153 1789 “
195 1784 307 1837 vocalis
319 1785 462 1853 Nympha,
482 1801 553 1853 quae
564 1801 618 1835 nec
628 1785 748 1836 reticere
760 1784 896 1852 loquenti,

196 1858 221 1907 N
224 1872 255 1906 ec
269 1853 346 1923 prior
357 1854 418 1922 ipsa
427 1853 509 1923 ,loqui
521 1853 636 1918 didicit,
654 1854 817 1905 resonabilis
830 1853 915 1906 Echo.

109 1920 115 1929 ’
198 1927 302 1992 Corpus
316 1923 407 1975 adhuc
419 1924 509 1987 Echo,
526 1940 584 1974 non
597 1939 650 1974 vox
666 1932 739 1974 erat:
758 1931 890 1974 ettamen
903 1938 987 1974 nsum

126 1987 179 2042 860
198 1993 317 2046 Garrula
328 2010 386 2044 non
395 1992 499 2056 alliun,
519 2009 605 2061 quarn
616 2008 692 2042 nunc
701 1992 802 2055 habet,
821 1993 876 2043 oris
887 1992 1017 2059 habebat,

196 2062 321 2114 Reddere
334 2061 368 2116 de
382 2061 477 2113 multis
490 2070 521 2112 nt
532 2061 619 2112 verba
627 2060 777 2113 novissima
789 2070 890 2127 posset.

194 2135 312 2184 Fecerat
324 2131 379 2183 hoc
391 2135 474 2196 luno,
493 2130 571 2198 quia,
592 2147 658 2181 cum
670 2129 843 2198 deprendere
855 2139 948 2198 posset

198 2203 266 2252 Cum
277 2205 342 2252 love
352 2216 436 2268 saepe
449 2216 499 2250 suo
513 2198 653 2267 Nymphas
665 2199 695 2250 in
708 2209 804 2250 monte
816 2200 948 2266 iacentes,

197 2269 248 2322 Illa
261 2269 343 2320 deam
356 2269 441 2339 longo
456 2268 580 2337 prudens
593 2285 723 2319 sermone
734 2269 859 2334 tenebat,
966 2322 967 2325 ,

127 2332 178 2388 365
197 2342 269 2390 Dum
280 2338 411 2408 fugerent
425 2337 579 2406 Nymphae,
600 2338 750 2406 Postquam
761 2338 890 2390 Saturnia
900 2338 1000 2404 senrit3

196 2409 298 2473 Huius,
317 2407 371 2471 ait,
389 2407 517 2476 linguae,
537 2423 593 2476 qua
606 2423 669 2458 sum
682 2406 791 2472 delusa,
809 2416 930 2475 potestas

196 2480 284 2529 Parva
298 2477 350 2528 tihi
362 2476 488 2540 dabitur,
507 2475 639 2544 vocisque
650 2476 827 2527 brevissimus
840 2493 919 2540 usus3

196 2549 291 2615 Reque
303 2544 392 2597 minas
405 2545 510 2598 firmat.
537 2548 643 2597 Tamen
658 2545 728 2603 haec
739 2546 769 2596 in
781 2545 837 2596 fine
848 2545 983 2616 loquendi

96 2654 100 2669 .
195 2616 351 2685 ingeminat
362 2632 461 2677 voces,
478 2613 629 2684 auditaque
642 2614 727 2666 verba
739 2623 874 2683 reportat.

127 2678 180 2734 370
230 2689 303 2755 Ergo
318 2684 369 2736 uhi
381 2685 540 2737 Narcissum
554 2701 606 2751 per
622 2684 700 2735 devia
716 2684 802 2735 lustra
815 2692 966 2753 vagantem
1033 2708 1038 2711 ·

195 2754 288 2819 Vidit,
307 2763 334 2806 at
348 2754 476 2817 incaluit3
495 2754 621 2822 sequitur
631 2753 748 2822 vestigia
760 2753 868 2804 furtim.

197 2827 315 2892 Quoque
327 2823 416 2893 magis
428 2822 568 2890 aequitum
587 2822 703 2873 flamma
716 2822 848 2891 propiore
861 2821 986 2876 calescit

195 2894 259 2945 Non
275 2893 369 2957 aliter,
387 2908 472 2961 quam
486 2908 552 2943 cnm
565 2891 681 2942 summis
695 2891 858 2942 circumlita
867 2892 955 2943 taedis

195 2962 345 3014 Admotam
357 2961 471 3031 rapiunt
484 2959 591 3011 vivacia
604 2959 739 3028 sulphura
750 2961 906 3013 flammam.

126 3027 178 3090 375
197 3033 232 3082 0!
251 3032 360 3101 quoties
370 3030 459 3082 voluit
470 3029 579 3080 blandis
594 3029 728 3085 accedere
741 3030 832 3095 dictis,
850 3092 852 3095 ι

142 3132 145 3139 -
196 3102 230 3150 Ft
239 3100 338 3152 molles
349 3099 480 3150 adhihere
493 3100 605 3166 proces!
622 3107 723 3149 natura
735 3106 883 3170 repugnat,

196 3171 255 3221 Nec
269 3169 334 3220 sinit
343 3169 472 3236 incipiat3
490 3167 553 3231 sed,
572 3166 647 3235 quod
656 3167 735 3231 sinit,
752 3168 913 3236 illaparata
927 3176 970 3219 est

196 3240 361 3307 Exspectare
375 3254 470 3300 sonos,
488 3236 523 3287 ad
535 3252 604 3305 quos
616 3253 667 3290 sua
679 3237 765 3288 verba
775 3237 909 3288 remittat.

182 3309 184 3313 '
195 3308 278 3358 Forte
291 3322 377 3376 puer,
393 3305 531 3359 comitum
542 3304 673 3359 seductus
686 3306 722 3358 ab
737 3308 847 3378 agmine
860 3306 929 3372 fido,

986 288 991 293 ·
1169 238 1170 305 l

187 350 194 365 1
234 332 270 379 At
279 336 361 397 pater
373 328 566 398 omnipotens,
583 342 676 401 neque
692 330 767 383 enim
780 330 848 384 licet
858 333 941 388 irrita
957 335 1094 410 cuiquam
1169 314 1170 383 l

1169 416 1170 447 l

1169 476 1170 515 l
