2350 3834
267 200 877 297 Marsuoneuos'aou'mn.1x.
966 242 1038 307 ¹165

80 384 143 438 Neo
156 397 208 433 nos
222 388 271 434 aut
285 380 370 435 durna
384 392 474 453 pater,
493 392 543 437 aut
557 385 715 437 reverentia
727 384 831 452 famae,

80 457 139 504 Aut
151 452 238 503 timor
249 452 424 521 impedient3
442 463 553 507 tantum
569 455 641 506 absit
653 461 736 507 causa
747 454 875 513 timendi.

80 520 185 573 Dulcia
196 520 322 574 fraterno
338 523 389 574 sub
403 524 518 576 nomine
531 524 609 575 furta
618 532 763 594 tegemus.-

80 591 131 642 Est
142 590 211 641 mihi
225 588 339 643 libertas
351 599 447 645 tecum
458 601 566 645 secreta
576 592 720 662 loquendi,

80 661 117 712 Et
130 658 228 710 damus
242 660 392 728 amplexus,
410 670 438 714 et
451 662 594 733 iungimus
603 662 699 714 oscula
714 678 822 724 eoram.
987 665 1040 721 560

82 731 229 791 Quantum
241 738 291 794 est,
308 730 385 800 quod
399 730 483 783 desit!
502 731 636 782 miserere
647 731 762 783 intentis
777 743 910 801 amorem,

81 798 119 849 Et
131 813 190 849 non
205 797 336 861 fassurae,
353 799 407 850 nisi
422 807 538 870 cogeret
548 799 663 851 ultimus
679 799 780 854 ardore

81 868 159 919 Neve
171 882 290 934 merere,
308 883 372 918 meo
386 867 522 920 subscribi
537 885 622 920 cansa
635 869 775 938 sepulcro.

80 933 163 987 Talia
175 935 365 1006 nequidquam
377 945 556 1005 perarantem
571 937 656 1005 piena
667 937 786 1008 reliquit

82 1006 154 1056 Cera
163 1020 288 1073 manum,
307 1022 487 1076 summusque
499 1006 530 1057 in
540 1006 669 1077 margine
685 1019 781 1059 versus
792 1006 942 1077 adhaedtl
988 1011 1038 1067 565

80 1073 212 1126 Protinus
226 1075 363 1143 impressa
376 1076 465 1146 signat
476 1092 527 1127 sua
541 1076 661 1127 crimina
673 1092 803 1147 gemma3
901 1095 904 1100 '

81 1145 177 1206 Quam
191 1143 273 1195 tinxit
287 1143 428 1208 lacrimis3
445 1143 573 1215 linguam
585 1144 730 1197 defecerat
741 1145 854 1202 humor.
912 1160 915 1164 ·
953 1175 955 1182 ·

80 1213 181 1280 Deque
193 1212 249 1263 ntis
260 1229 348 1264 unum
359 1212 471 1264 famulis
482 1212 645 1282 pudibunda
658 1215 778 1282 vocarit,
807 1227 811 1233 ’
1000 1262 1004 1268 .
1029 1265 1034 1278 ,

80 1282 117 1333 Et
130 1279 264 1360 pavidum
275 1281 410 1348 blandita,
426 1283 550 1348 Perkes,
568 1282 711 1349 fidissime,
723 1291 830 1353 nootro,
854 1309 858 1316 ·
895 1299 898 1304 ⁴

79 1349 167 1416 Dirut,
186 1358 215 1403 et
227 1350 329 1402 adiecit
339 1352 425 1422 longo
437 1360 501 1421 post
516 1360 663 1421 tempora.
672 1352 763 1406 fratri.

81 1420 155 1472 cum
170 1418 258 1483 daret,
276 1418 386 1489 elapsae
398 1422 527 1473 manibus
542 1421 671 1475 cecidere
681 1421 813 1476 tabsssae.

81 1488 308 1548 omineturbata
322 1499 380 1554 est3
397 1491 473 1541 misit
486 1498 590 1545 tamen.
608 1496 682 1561 Apta
694 1492 823 1544 minister

80 1559 226 1626 Tempora
240 1567 340 1610 nactus
355 1558 422 1626 adit,
437 1559 579 1630 traditque
591 1559 712 1614 latentia
721 1560 820 1616 verba.

80 1626 224 1679 Attonitus
237 1627 329 1680 subita
341 1628 447 1680 iuvenis
463 1629 640 1681 Maeandn'ua
652 1631 704 1695 ira,
721 1659 724 1666 »

79 1694 349 1765 Proiioit'aeoeptas,
366 1697 441 1749 laeta
453 1698 506 1750 sibi
517 1707 607 1767 parte,
625 1697 768 1752 tabellas:-
791 1723 794 1729 ¹

79 1764 192 1834 Vixque
203 1781 304 1817 manns
314 1767 437 1819 retinens
449 1768 614 1836 trepidantis
627 1768 664 1820 ab
680 1784 730 1820 ore
741 1766 873 1840 ministri,

79 1835 157 1886 Dum
173 1832 252 1900 lieet,
270 1837 304 1887 o!
321 1835 424 1888 vetitae
436 1836 706 1889 sceleratelibidinis
720 1845 829 1905 auctor,

79 1902 192 1973 Effuge,
210 1904 263 1956 ait:
282 1905 338 1973 qui,
353 1904 375 1956 si
386 1914 513 1957 nostrum
524 1914 574 1957 tua
584 1905 645 1957 fata
658 1905 795 1975 pudorem

77 1973 147 2025 Non
159 1972 304 2024 traherent
314 1981 419 2040 seeum,
438 1990 541 2043 poenas
554 1975 623 2026 mihi
637 1983 730 2028 morte
743 1974 872 2030 dedisses.

79 2040 134 2093 ille
149 2040 226 2111 fugit
236 2041 358 2110 pavidus,
376 2042 562 2114 dominaeque
574 2042 683 2096 ferocia
694 2044 781 2097 Cauni
889 2058 891 2062 ’
914 2048 918 2054 ’

78 2110 165 2162 Πίστει
176 2110 276 2163 refert.
299 2111 388 2164 Palles
401 2112 504 2178 audita,
524 2112 612 2181 Bybli·
627 2112 754 2182 repulsat
840 2135 856 2146 ··

78 2178 116 2231 Et
126 2188 211 2248 pavet
224 2180 366 2231 obsessum
378 2180 490 2266 glaciali
503 2181 611 2252 frigore
621 2192 728 2251 pectas.

79 2250 161 2300 Mens
174 2256 270 2300 tamen
283 2256 316 2300 ut
327 2250 425 2315 rediit3
443 2251 551 2320 pariter
564 2250 675 2303 rediere
688 2251 818 2305 furores:

79 2318 247 2387 Linguaque
258 2316 304 2369 vix
317 2319 388 2371 tales
401 2320 457 2371 ioto
475 2319 552 2372 dedit
564 2323 631 2373 aere
648 2333 744 2373 voees:
853 2337 856 2344 ’

78 2388 116 2438 Et
127 2387 247 2438 merito:
267 2386 334 2455 quid
345 2388 421 2440 enirn
433 2391 584 2441 temeraria
597 2389 719 2441 udneris
731 2388 820 2457 huius!

79 2454 222 2508 Indicium
233 2455 308 2507 feei?
329 2456 405 2525 quid,
423 2471 495 2528 quae
507 2458 624 2510 celanda
636 2459 762 2522 fuerunt,

78 2526 152 2577 Tam
167 2526 225 2576 cito
237 2525 364 2577 commisi
380 2528 536 2595 properatis
547 2527 634 2579 verba
647 2525 780 2579 tabellis?

79 2598 153 2645 Ante
169 2602 230 2644 erat
242 2594 378 2664 ambiguis
392 2595 478 2646 animi
496 2596 635 2648 sententia
649 2595 730 2647 dictis

78 2661 287 2715 Praetentanda
298 2663 376 2716 mihi.
400 2666 442 2715 Ne
454 2680 512 2716 non
525 2673 693 2734 sequeretur
707 2671 830 2730 euntem,

78 2733 164 2784 Parte
178 2731 273 2801 aliqua
285 2732 349 2793 veli,
370 2732 459 2802 qualis
474 2733 641 2799 foratarum,
660 2740 762 2786 notare
846 2797 850 2806 ι

78 2801 251 2868 Debueram,
270 2808 389 2870 tutoque
400 2800 473 2853 mari
487 2801 651 2855 decurrere:
670 2818 742 2874 quae
755 2816 832 2856 nuno
1009 2803 1011 2807 ’

77 2873 104 2923 N
106 2887 144 2922 on
159 2868 309 2939 exploratis
321 2870 435 2940 impleri
443 2870 531 2923 lintea
544 2872 642 2924 ventis,
917 2883 920 2887 “

77 2939 205 2992 Auferor
218 2938 246 2988 in
258 2939 386 3008 scopulos
401 2939 495 3010 igitur,
510 2942 709 3011 submersaque
723 2949 788 2993 toto

79 3009 196 3060 Obruor
210 3010 336 3073 Ocean03
354 3024 446 3078 neque
457 3009 562 3062 habent
572 3027 637 3063 mea
646 3011 709 3062 vela
719 3025 859 3063 recursus.-

80 3077 182 3141 Qnid?
200 3076 277 3145 quod
291 3085 319 3128 et
333 3077 473 3130 ominibus
488 3081 571 3132 certis
587 3080 757 3149 prohibebar
772 3078 863 3132 amori
931 3094 951 3114 ·’

78 3146 235 3226 Indulgere
250 3159 324 3209 meo,
338 3154 401 3198 tum
416 3163 482 3199 oum
491 3149 650 3202 mihtferre
662 3148 770 3201 iubenti

78 3214 200 3281 Exeidrt
217 3214 329 3266 etfacit
344 3232 405 3285 spes
417 3226 526 3270 nostras
541 3236 607 3271 cera
620 3217 759 3270 caducas?

77 3286 183 3337 Nonne
202 3282 248 3334 vel
260 3283 310 3335 illa
326 3283 383 3336 dies
396 3285 499 3354 fuerat,
517 3288 562 3339 vel
574 3296 634 3339 tota
647 3286 784 3349 voluntas,

78 3354 134 3408 Sed
145 3351 245 3425 potius
257 3353 392 3407 mutanda
403 3354 482 3410 dies?
499 3359 571 3409 Deus
585 3356 646 3427 ipsa
660 3354 803 3420 monebat,
