<?xml version="1.0" encoding="UTF-8"?>
<!DOCTYPE html PUBLIC "-//W3C//DTD XHTML 1.0 Transitional//EN"
    "http://www.w3.org/TR/xhtml1/DTD/xhtml1-transitional.dtd">
<html xmlns="http://www.w3.org/1999/xhtml" xml:lang="en" lang="en">
 <head>
  <title>
</title>
<meta http-equiv="Content-Type" content="text/html;charset=utf-8" />
  <meta name='ocr-system' content='tesseract 3.04.00' />
  <meta name='ocr-capabilities' content='ocr_page ocr_carea ocr_par ocr_line ocrx_word'/>
</head>
<body>
  <div class='ocr_page' id='page_1' title='image "./operaomnia03ovidgoog/operaomnia03ovidgoog_0267.png"; bbox 0 0 2350 3834; ppageno 0'>
   <div class='ocr_carea' id='block_1_1' title="bbox 237 190 1035 311">
    <p class='ocr_par' dir='ltr' id='par_1_1' title="bbox 237 190 1035 311">
     <span class='ocr_line' id='line_1_1' title="bbox 237 190 1035 311; baseline 0.016 -14"><span class='ocrx_word' id='word_1_1' title='bbox 237 190 690 303; x_wconf 69' lang='lat' dir='ltr'>uarsuoaeaoiuou</span> <span class='ocrx_word' id='word_1_2' title='bbox 709 241 792 298; x_wconf 78' lang='lat' dir='ltr'>nm.</span> <span class='ocrx_word' id='word_1_3' title='bbox 814 244 885 303; x_wconf 79' lang='lat' dir='ltr'>xiv.</span> <span class='ocrx_word' id='word_1_4' title='bbox 970 242 1035 311; x_wconf 72' lang='lat' dir='ltr'>aas</span> 
     </span>
    </p>
   </div>
   <div class='ocr_carea' id='block_1_2' title="bbox 20 385 1115 3427">
    <p class='ocr_par' dir='ltr' id='par_1_2' title="bbox 81 385 713 461">
     <span class='ocr_line' id='line_1_2' title="bbox 81 385 713 461; baseline 0 -22"><span class='ocrx_word' id='word_1_5' title='bbox 81 387 144 441; x_wconf 87' lang='lat' dir='ltr'>Illas</span> <span class='ocrx_word' id='word_1_6' title='bbox 156 387 288 461; x_wconf 58' lang='lat' dir='ltr'>virginus</span> <span class='ocrx_word' id='word_1_7' title='bbox 302 395 432 442; x_wconf 68' lang='lat' dir='ltr'>caeream</span> <span class='ocrx_word' id='word_1_8' title='bbox 441 385 546 441; x_wconf 77' lang='lat' dir='ltr'>lusibus</span> <span class='ocrx_word' id='word_1_9' title='bbox 558 385 647 441; x_wconf 82' lang='lat' dir='ltr'>undas</span> <span class='ocrx_word' id='word_1_10' title='bbox 711 404 713 411; x_wconf 67' lang='grc'>’</span> 
     </span>
    </p>

    <p class='ocr_par' dir='ltr' id='par_1_3' title="bbox 50 456 850 666">
     <span class='ocr_line' id='line_1_3' title="bbox 80 456 808 528; baseline 0.004 -19"><span class='ocrx_word' id='word_1_11' title='bbox 80 458 183 511; x_wconf 83' lang='lat' dir='ltr'>Naides</span> <span class='ocrx_word' id='word_1_12' title='bbox 197 475 370 528; x_wconf 80' lang='lat' dir='ltr'>aequoreae:</span> <span class='ocrx_word' id='word_1_13' title='bbox 387 457 518 528; x_wconf 85' lang='lat' dir='ltr'>durisque</span> <span class='ocrx_word' id='word_1_14' title='bbox 527 456 557 508; x_wconf 91' lang='lat' dir='ltr'>in</span> <span class='ocrx_word' id='word_1_15' title='bbox 572 456 715 511; x_wconf 76' lang='lat' dir='ltr'>montibus</span> <span class='ocrx_word' id='word_1_16' title='bbox 729 466 808 512; x_wconf 85' lang='lat' dir='ltr'>ortae</span> 
     </span>
     <span class='ocr_line' id='line_1_4' title="bbox 79 527 850 600; baseline 0.004 -22"><span class='ocrx_word' id='word_1_17' title='bbox 79 527 164 581; x_wconf 86' lang='lat' dir='ltr'>Molle</span> <span class='ocrx_word' id='word_1_18' title='bbox 180 527 287 581; x_wconf 84' lang='lat' dir='ltr'>fretum</span> <span class='ocrx_word' id='word_1_19' title='bbox 296 527 449 593; x_wconf 72' lang='lat' dir='ltr'>celebrant,</span> <span class='ocrx_word' id='word_1_20' title='bbox 466 545 519 579; x_wconf 92' lang='lat' dir='ltr'>nec</span> <span class='ocrx_word' id='word_1_21' title='bbox 534 543 579 577; x_wconf 85' lang='lat' dir='ltr'>eas</span> <span class='ocrx_word' id='word_1_22' title='bbox 592 544 643 579; x_wconf 87' lang='lat' dir='ltr'>sua</span> <span class='ocrx_word' id='word_1_23' title='bbox 655 527 746 598; x_wconf 80' lang='lat' dir='ltr'>tangit</span> <span class='ocrx_word' id='word_1_24' title='bbox 760 529 850 600; x_wconf 72' lang='lat' dir='ltr'>origo.</span> 
     </span>
     <span class='ocr_line' id='line_1_5' title="bbox 50 595 810 666; baseline 0.007 -19"><span class='ocrx_word' id='word_1_25' title='bbox 50 630 54 639; x_wconf 61' lang='lat'><em>„</em></span> <span class='ocrx_word' id='word_1_26' title='bbox 79 597 143 648; x_wconf 82' lang='lat' dir='ltr'>Nou</span> <span class='ocrx_word' id='word_1_27' title='bbox 156 605 252 649; x_wconf 88' lang='lat' dir='ltr'>temen</span> <span class='ocrx_word' id='word_1_28' title='bbox 265 597 376 666; x_wconf 83' lang='lat' dir='ltr'>oblitae,</span> <span class='ocrx_word' id='word_1_29' title='bbox 395 613 481 666; x_wconf 87' lang='lat' dir='ltr'>quam</span> <span class='ocrx_word' id='word_1_30' title='bbox 491 595 582 647; x_wconf 89' lang='lat' dir='ltr'>multa</span> <span class='ocrx_word' id='word_1_31' title='bbox 591 597 717 665; x_wconf 89' lang='lat' dir='ltr'>pericula</span> <span class='ocrx_word' id='word_1_32' title='bbox 727 614 810 652; x_wconf 75' lang='lat' dir='ltr'>saevo</span> 
     </span>
    </p>

    <p class='ocr_par' dir='ltr' id='par_1_4' title="bbox 78 663 1036 737">
     <span class='ocr_line' id='line_1_6' title="bbox 78 663 1036 737; baseline 0.002 -21"><span class='ocrx_word' id='word_1_33' title='bbox 78 663 248 718; x_wconf 88' lang='lat' dir='ltr'>Pertulerint</span> <span class='ocrx_word' id='word_1_34' title='bbox 258 666 366 737; x_wconf 77' lang='lat' dir='ltr'>pelago,</span> <span class='ocrx_word' id='word_1_35' title='bbox 383 665 492 718; x_wconf 87' lang='lat' dir='ltr'>iactatis</span> <span class='ocrx_word' id='word_1_36' title='bbox 504 681 586 734; x_wconf 87' lang='lat' dir='ltr'>saepe</span> <span class='ocrx_word' id='word_1_37' title='bbox 600 665 701 718; x_wconf 88' lang='lat' dir='ltr'>carinis</span> <span class='ocrx_word' id='word_1_38' title='bbox 983 671 1036 727; x_wconf 84' lang='grc'>560</span> 
     </span>
    </p>

    <p class='ocr_par' dir='ltr' id='par_1_5' title="bbox 78 734 816 804">
     <span class='ocr_line' id='line_1_7' title="bbox 78 734 816 804; baseline 0.004 -19"><span class='ocrx_word' id='word_1_39' title='bbox 78 736 133 803; x_wconf 76' lang='lat' dir='ltr'>Sup</span> <span class='ocrx_word' id='word_1_40' title='bbox 156 751 254 787; x_wconf 86' lang='lat' dir='ltr'>osuere</span> <span class='ocrx_word' id='word_1_41' title='bbox 266 753 374 801; x_wconf 75' lang='lat' dir='ltr'>munus,¹</span> <span class='ocrx_word' id='word_1_42' title='bbox 388 734 478 787; x_wconf 83' lang='lat' dir='ltr'>nisisi</span> <span class='ocrx_word' id='word_1_43' title='bbox 492 750 547 804; x_wconf 90' lang='lat' dir='ltr'>qua</span> <span class='ocrx_word' id='word_1_44' title='bbox 558 734 677 785; x_wconf 81' lang='lat' dir='ltr'>vehebat</span> <span class='ocrx_word' id='word_1_45' title='bbox 690 734 816 789; x_wconf 78' lang='lat' dir='ltr'>Achivos.</span> 
     </span>
    </p>

    <p class='ocr_par' dir='ltr' id='par_1_6' title="bbox 77 752 888 923">
     <span class='ocr_line' id='line_1_8' title="bbox 77 752 888 923; baseline 0.004 -70"><span class='ocrx_word' id='word_1_46' title='bbox 77 752 170 923; x_wconf 59' lang='lat' dir='ltr'>quib</span> <span class='ocrx_word' id='word_1_47' title='bbox 184 804 277 857; x_wconf 85' lang='lat' dir='ltr'>adhuc</span> <span class='ocrx_word' id='word_1_48' title='bbox 290 803 425 883; x_wconf 71' lang='lat' dir='ltr'>Phrygiae</span> <span class='ocrx_word' id='word_1_49' title='bbox 435 818 585 867; x_wconf 80' lang='lat' dir='ltr'>memores,</span> <span class='ocrx_word' id='word_1_50' title='bbox 604 802 689 854; x_wconf 88' lang='lat' dir='ltr'>odere</span> <span class='ocrx_word' id='word_1_51' title='bbox 697 803 835 875; x_wconf 86' lang='lat' dir='ltr'>Pelasgos,</span> <span class='ocrx_word' id='word_1_52' title='bbox 887 868 888 871; x_wconf 8' lang='grc' dir='ltr'><strong>Ἴ</strong></span> 
     </span>
    </p>

    <p class='ocr_par' dir='ltr' id='par_1_7' title="bbox 103 871 726 943">
     <span class='ocr_line' id='line_1_9' title="bbox 103 871 726 943; baseline 0.003 -21"><span class='ocrx_word' id='word_1_53' title='bbox 103 872 257 943; x_wconf 76' lang='lat' dir='ltr'>entiaequs</span> <span class='ocrx_word' id='word_1_54' title='bbox 267 874 336 925; x_wconf 83' lang='lat' dir='ltr'>ratis</span> <span class='ocrx_word' id='word_1_55' title='bbox 348 873 478 925; x_wconf 78' lang='lat' dir='ltr'>ndemnt</span> <span class='ocrx_word' id='word_1_56' title='bbox 491 871 634 942; x_wconf 79' lang='lat' dir='ltr'>fragmina</span> <span class='ocrx_word' id='word_1_57' title='bbox 645 871 726 924; x_wconf 86' lang='lat' dir='ltr'>laetis</span> 
     </span>
    </p>

    <p class='ocr_par' dir='ltr' id='par_1_8' title="bbox 77 941 758 1012">
     <span class='ocr_line' id='line_1_10' title="bbox 77 941 758 1012; baseline 0 -19"><span class='ocrx_word' id='word_1_58' title='bbox 77 941 216 1007; x_wconf 77' lang='lat' dir='ltr'>vultibus,</span> <span class='ocrx_word' id='word_1_59' title='bbox 234 949 263 992; x_wconf 90' lang='lat' dir='ltr'>et</span> <span class='ocrx_word' id='word_1_60' title='bbox 275 942 368 994; x_wconf 85' lang='lat' dir='ltr'>laetae</span> <span class='ocrx_word' id='word_1_61' title='bbox 378 941 473 993; x_wconf 81' lang='lat' dir='ltr'>ridere</span> <span class='ocrx_word' id='word_1_62' title='bbox 485 941 628 1012; x_wconf 75' lang='lat' dir='ltr'>rigescere</span> <span class='ocrx_word' id='word_1_63' title='bbox 639 941 758 1012; x_wconf 87' lang='lat' dir='ltr'>puppim</span> 
     </span>
    </p>

    <p class='ocr_par' dir='ltr' id='par_1_9' title="bbox 77 1010 1035 1081">
     <span class='ocr_line' id='line_1_11' title="bbox 77 1010 1035 1081; baseline 0.001 -19"><span class='ocrx_word' id='word_1_64' title='bbox 77 1010 210 1062; x_wconf 81' lang='lat' dir='ltr'>(lentibus</span> <span class='ocrx_word' id='word_1_65' title='bbox 222 1010 340 1078; x_wconf 81' lang='lat' dir='ltr'><strong>Alcinoi,</strong></span> <span class='ocrx_word' id='word_1_66' title='bbox 359 1026 510 1080; x_wconf 85' lang='lat' dir='ltr'>saxumque</span> <span class='ocrx_word' id='word_1_67' title='bbox 521 1011 678 1062; x_wconf 87' lang='lat' dir='ltr'>increscere</span> <span class='ocrx_word' id='word_1_68' title='bbox 690 1011 777 1081; x_wconf 80' lang='lat' dir='ltr'>ligno.</span> <span class='ocrx_word' id='word_1_69' title='bbox 808 1014 809 1017; x_wconf 76' lang='grc'>’</span> <span class='ocrx_word' id='word_1_70' title='bbox 984 1014 1035 1070; x_wconf 84' lang='grc'>565</span> 
     </span>
    </p>

    <p class='ocr_par' dir='ltr' id='par_1_10' title="bbox 110 1079 834 1149">
     <span class='ocr_line' id='line_1_12' title="bbox 110 1079 834 1149; baseline 0.001 -19"><span class='ocrx_word' id='word_1_71' title='bbox 110 1083 179 1149; x_wconf 82' lang='lat' dir='ltr'>Spes</span> <span class='ocrx_word' id='word_1_72' title='bbox 194 1088 263 1140; x_wconf 89' lang='lat' dir='ltr'>erat,</span> <span class='ocrx_word' id='word_1_73' title='bbox 280 1081 310 1132; x_wconf 89' lang='lat' dir='ltr'>in</span> <span class='ocrx_word' id='word_1_74' title='bbox 317 1080 458 1149; x_wconf 81' lang='lat' dir='ltr'><strong>Nymphas</strong></span> <span class='ocrx_word' id='word_1_75' title='bbox 468 1080 593 1132; x_wconf 86' lang='lat' dir='ltr'>animata</span> <span class='ocrx_word' id='word_1_76' title='bbox 603 1079 692 1133; x_wconf 84' lang='lat' dir='ltr'>classe</span> <span class='ocrx_word' id='word_1_77' title='bbox 710 1080 834 1133; x_wconf 84' lang='lat' dir='ltr'>marinas</span> 
     </span>
    </p>

    <p class='ocr_par' dir='ltr' id='par_1_11' title="bbox 76 1147 768 1215">
     <span class='ocr_line' id='line_1_13' title="bbox 76 1147 768 1215; baseline 0.006 -17"><span class='ocrx_word' id='word_1_78' title='bbox 76 1147 158 1201; x_wconf 85' lang='lat' dir='ltr'>Posse</span> <span class='ocrx_word' id='word_1_79' title='bbox 169 1157 250 1201; x_wconf 89' lang='lat' dir='ltr'>metu</span> <span class='ocrx_word' id='word_1_80' title='bbox 262 1149 381 1202; x_wconf 83' lang='lat' dir='ltr'><strong>monstri</strong></span> <span class='ocrx_word' id='word_1_81' title='bbox 396 1149 529 1213; x_wconf 72' lang='lat' dir='ltr'>Rutulum</span> <span class='ocrx_word' id='word_1_82' title='bbox 541 1149 768 1215; x_wconf 82' lang='lat' dir='ltr'>desisterebello.</span> 
     </span>
    </p>

    <p class='ocr_par' dir='ltr' id='par_1_12' title="bbox 75 1217 925 1289">
     <span class='ocr_line' id='line_1_14' title="bbox 75 1217 925 1289; baseline 0.005 -21"><span class='ocrx_word' id='word_1_83' title='bbox 75 1217 200 1283; x_wconf 59' lang='lat' dir='ltr'>Persian</span> <span class='ocrx_word' id='word_1_84' title='bbox 216 1218 356 1288; x_wconf 77' lang='lat' dir='ltr'>habetque</span> <span class='ocrx_word' id='word_1_85' title='bbox 368 1218 435 1270; x_wconf 84' lang='lat' dir='ltr'>deos</span> <span class='ocrx_word' id='word_1_86' title='bbox 448 1236 513 1288; x_wconf 89' lang='lat' dir='ltr'>pars</span> <span class='ocrx_word' id='word_1_87' title='bbox 526 1227 656 1288; x_wconf 86' lang='lat' dir='ltr'>utraque,</span> <span class='ocrx_word' id='word_1_88' title='bbox 675 1218 788 1289; x_wconf 88' lang='lat' dir='ltr'>quique,</span> <span class='ocrx_word' id='word_1_89' title='bbox 806 1217 925 1272; x_wconf 84' lang='lat' dir='ltr'>deorum</span> 
     </span>
    </p>

    <p class='ocr_par' dir='ltr' id='par_1_13' title="bbox 75 1286 827 1359">
     <span class='ocr_line' id='line_1_15' title="bbox 75 1286 827 1359; baseline 0.004 -22"><span class='ocrx_word' id='word_1_90' title='bbox 75 1288 177 1353; x_wconf 83' lang='lat' dir='ltr'>Instar,</span> <span class='ocrx_word' id='word_1_91' title='bbox 194 1286 301 1340; x_wconf 84' lang='lat' dir='ltr'>habeut</span> <span class='ocrx_word' id='word_1_92' title='bbox 315 1288 431 1355; x_wconf 70' lang='lat' dir='ltr'>caunos,</span> <span class='ocrx_word' id='word_1_93' title='bbox 466 1291 524 1340; x_wconf 88' lang='lat' dir='ltr'>Nec</span> <span class='ocrx_word' id='word_1_94' title='bbox 537 1288 595 1340; x_wconf 89' lang='lat' dir='ltr'>iam</span> <span class='ocrx_word' id='word_1_95' title='bbox 608 1287 714 1340; x_wconf 86' lang='lat' dir='ltr'>dotalia</span> <span class='ocrx_word' id='word_1_96' title='bbox 730 1304 827 1359; x_wconf 81' lang='lat' dir='ltr'>regna,</span> 
     </span>
    </p>

    <p class='ocr_par' dir='ltr' id='par_1_14' title="bbox 53 1356 1035 1496">
     <span class='ocr_line' id='line_1_16' title="bbox 75 1356 1035 1429; baseline 0.003 -22"><span class='ocrx_word' id='word_1_97' title='bbox 75 1356 134 1408; x_wconf 79' lang='lat' dir='ltr'>Nec</span> <span class='ocrx_word' id='word_1_98' title='bbox 145 1356 240 1409; x_wconf 88' lang='lat' dir='ltr'>soceri</span> <span class='ocrx_word' id='word_1_99' title='bbox 253 1366 404 1427; x_wconf 79' lang='lat' dir='ltr'>sceptrum,</span> <span class='ocrx_word' id='word_1_100' title='bbox 421 1373 475 1411; x_wconf 85' lang='lat' dir='ltr'>nec</span> <span class='ocrx_word' id='word_1_101' title='bbox 487 1366 524 1421; x_wconf 87' lang='lat' dir='ltr'>te,</span> <span class='ocrx_word' id='word_1_102' title='bbox 542 1357 656 1409; x_wconf 84' lang='lat' dir='ltr'>Lavinia</span> <span class='ocrx_word' id='word_1_103' title='bbox 666 1357 756 1429; x_wconf 81' lang='lat' dir='ltr'>virgo,</span> <span class='ocrx_word' id='word_1_104' title='bbox 983 1356 1035 1416; x_wconf 81' lang='grc'>570</span> 
     </span>
     <span class='ocr_line' id='line_1_17' title="bbox 53 1424 812 1496; baseline 0.005 -21"><span class='ocrx_word' id='word_1_105' title='bbox 53 1478 55 1482; x_wconf 66' lang='grc'>,</span> <span class='ocrx_word' id='word_1_106' title='bbox 75 1424 128 1476; x_wconf 78' lang='lat' dir='ltr'>Sed</span> <span class='ocrx_word' id='word_1_107' title='bbox 142 1425 244 1477; x_wconf 82' lang='lat' dir='ltr'>vicisse</span> <span class='ocrx_word' id='word_1_108' title='bbox 256 1435 363 1496; x_wconf 82' lang='lat' dir='ltr'>petunt,</span> <span class='ocrx_word' id='word_1_109' title='bbox 382 1427 596 1496; x_wconf 72' lang='lat' dir='ltr'>deponendique</span> <span class='ocrx_word' id='word_1_110' title='bbox 608 1426 715 1496; x_wconf 83' lang='lat' dir='ltr'>pudore</span> <span class='ocrx_word' id='word_1_111' title='bbox 810 1453 812 1455; x_wconf 91' lang='lat'>·</span> 
     </span>
    </p>

    <p class='ocr_par' dir='ltr' id='par_1_15' title="bbox 74 1493 804 1567">
     <span class='ocr_line' id='line_1_18' title="bbox 74 1493 804 1567; baseline 0.005 -23"><span class='ocrx_word' id='word_1_112' title='bbox 74 1493 149 1549; x_wconf 83' lang='lat' dir='ltr'>Belle</span> <span class='ocrx_word' id='word_1_113' title='bbox 162 1504 278 1565; x_wconf 78' lang='lat' dir='ltr'>gerunt.</span> <span class='ocrx_word' id='word_1_114' title='bbox 312 1495 492 1567; x_wconf 79' lang='lat' dir='ltr'>Tandemque</span> <span class='ocrx_word' id='word_1_115' title='bbox 504 1498 596 1548; x_wconf 86' lang='lat' dir='ltr'>Venus</span> <span class='ocrx_word' id='word_1_116' title='bbox 608 1495 734 1548; x_wconf 83' lang='lat' dir='ltr'>victricia</span> <span class='ocrx_word' id='word_1_117' title='bbox 744 1495 804 1548; x_wconf 86' lang='lat' dir='ltr'>nati</span> 
     </span>
    </p>

    <p class='ocr_par' dir='ltr' id='par_1_16' title="bbox 74 1563 867 1636">
     <span class='ocr_line' id='line_1_19' title="bbox 74 1563 867 1636; baseline 0.004 -22"><span class='ocrx_word' id='word_1_118' title='bbox 74 1566 161 1615; x_wconf 73' lang='lat' dir='ltr'>Arma</span> <span class='ocrx_word' id='word_1_119' title='bbox 173 1563 263 1630; x_wconf 74' lang='lat' dir='ltr'>uidet,</span> <span class='ocrx_word' id='word_1_120' title='bbox 278 1566 441 1636; x_wconf 81' lang='lat' dir='ltr'>Turnusque</span> <span class='ocrx_word' id='word_1_121' title='bbox 459 1565 548 1631; x_wconf 83' lang='lat' dir='ltr'>cadit3</span> <span class='ocrx_word' id='word_1_122' title='bbox 566 1565 642 1617; x_wconf 84' lang='lat' dir='ltr'>cadit</span> <span class='ocrx_word' id='word_1_123' title='bbox 653 1564 754 1630; x_wconf 83' lang='lat' dir='ltr'>Ardea,</span> <span class='ocrx_word' id='word_1_124' title='bbox 772 1567 867 1617; x_wconf 88' lang='lat' dir='ltr'>Turno</span> 
     </span>
    </p>

    <p class='ocr_par' dir='ltr' id='par_1_17' title="bbox 73 1632 913 1706">
     <span class='ocr_line' id='line_1_20' title="bbox 73 1632 913 1706; baseline 0.001 -21"><span class='ocrx_word' id='word_1_125' title='bbox 73 1633 183 1702; x_wconf 75' lang='lat' dir='ltr'>Sospite</span> <span class='ocrx_word' id='word_1_126' title='bbox 197 1632 272 1686; x_wconf 83' lang='lat' dir='ltr'>dicta</span> <span class='ocrx_word' id='word_1_127' title='bbox 283 1643 391 1703; x_wconf 86' lang='lat' dir='ltr'>potens.</span> <span class='ocrx_word' id='word_1_128' title='bbox 427 1638 515 1698; x_wconf 86' lang='lat' dir='ltr'>Quam</span> <span class='ocrx_word' id='word_1_129' title='bbox 532 1642 682 1703; x_wconf 84' lang='lat' dir='ltr'>postquam</span> <span class='ocrx_word' id='word_1_130' title='bbox 693 1635 829 1686; x_wconf 86' lang='lat' dir='ltr'>barbarus</span> <span class='ocrx_word' id='word_1_131' title='bbox 840 1635 913 1706; x_wconf 81' lang='lat' dir='ltr'>ignis</span> 
     </span>
    </p>

    <p class='ocr_par' dir='ltr' id='par_1_18' title="bbox 73 1700 1073 1771">
     <span class='ocr_line' id='line_1_21' title="bbox 73 1700 1073 1771; baseline 0.002 -18"><span class='ocrx_word' id='word_1_132' title='bbox 73 1700 206 1768; x_wconf 74' lang='lat' dir='ltr'>Abstulit,</span> <span class='ocrx_word' id='word_1_133' title='bbox 225 1710 254 1754; x_wconf 83' lang='lat' dir='ltr'>st</span> <span class='ocrx_word' id='word_1_134' title='bbox 267 1701 362 1771; x_wconf 84' lang='lat' dir='ltr'>tepide</span> <span class='ocrx_word' id='word_1_135' title='bbox 376 1703 520 1755; x_wconf 88' lang='lat' dir='ltr'>latuerunt</span> <span class='ocrx_word' id='word_1_136' title='bbox 533 1710 608 1755; x_wconf 86' lang='lat' dir='ltr'>tecta</span> <span class='ocrx_word' id='word_1_137' title='bbox 619 1702 734 1768; x_wconf 76' lang='lat' dir='ltr'>favilla3</span> <span class='ocrx_word' id='word_1_138' title='bbox 982 1705 1033 1762; x_wconf 79' lang='lat'>575</span> <span class='ocrx_word' id='word_1_139' title='bbox 1071 1720 1073 1729; x_wconf 76' lang='grc'><em>’</em></span> 
     </span>
    </p>

    <p class='ocr_par' dir='ltr' id='par_1_19' title="bbox 73 1769 1064 1842">
     <span class='ocr_line' id='line_1_22' title="bbox 73 1769 1064 1842; baseline 0.003 -20"><span class='ocrx_word' id='word_1_140' title='bbox 73 1769 214 1842; x_wconf 75' lang='lat' dir='ltr'>congerie</span> <span class='ocrx_word' id='word_1_141' title='bbox 227 1786 243 1822; x_wconf 88' lang='lat' dir='ltr'>e</span> <span class='ocrx_word' id='word_1_142' title='bbox 256 1772 348 1825; x_wconf 89' lang='lat' dir='ltr'>media</span> <span class='ocrx_word' id='word_1_143' title='bbox 359 1781 420 1823; x_wconf 88' lang='lat' dir='ltr'>turn</span> <span class='ocrx_word' id='word_1_144' title='bbox 450 1773 554 1824; x_wconf 86' lang='lat' dir='ltr'>rimam</span> <span class='ocrx_word' id='word_1_145' title='bbox 566 1772 680 1842; x_wconf 85' lang='lat' dir='ltr'>cognita</span> <span class='ocrx_word' id='word_1_146' title='bbox 693 1787 810 1841; x_wconf 86' lang='lat' dir='ltr'>praepes</span> <span class='ocrx_word' id='word_1_147' title='bbox 1061 1810 1064 1817; x_wconf 64' lang='grc'><em>«</em></span> 
     </span>
    </p>

    <p class='ocr_par' dir='ltr' id='par_1_20' title="bbox 72 1839 740 1911">
     <span class='ocr_line' id='line_1_23' title="bbox 72 1839 740 1911; baseline 0.007 -21"><span class='ocrx_word' id='word_1_148' title='bbox 72 1839 223 1906; x_wconf 79' lang='lat' dir='ltr'>Suhvolet,</span> <span class='ocrx_word' id='word_1_149' title='bbox 241 1849 270 1893; x_wconf 81' lang='lat' dir='ltr'>et</span> <span class='ocrx_word' id='word_1_150' title='bbox 282 1841 389 1911; x_wconf 73' lang='lat' dir='ltr'>cineres</span> <span class='ocrx_word' id='word_1_151' title='bbox 401 1858 419 1910; x_wconf 91' lang='lat' dir='ltr'>p</span> <span class='ocrx_word' id='word_1_152' title='bbox 433 1841 506 1893; x_wconf 89' lang='lat' dir='ltr'>ausis</span> <span class='ocrx_word' id='word_1_153' title='bbox 522 1840 667 1892; x_wconf 79' lang='lat' dir='ltr'>everberat</span> <span class='ocrx_word' id='word_1_154' title='bbox 680 1841 740 1896; x_wconf 85' lang='lat' dir='ltr'>alis.</span> 
     </span>
    </p>

    <p class='ocr_par' dir='ltr' id='par_1_21' title="bbox 20 1908 1061 2120">
     <span class='ocr_line' id='line_1_24' title="bbox 71 1908 868 1980; baseline 0.003 -20"><span class='ocrx_word' id='word_1_155' title='bbox 71 1909 106 1960; x_wconf 85' lang='lat' dir='ltr'>Et</span> <span class='ocrx_word' id='word_1_156' title='bbox 117 1925 216 1974; x_wconf 81' lang='lat' dir='ltr'>sonus,</span> <span class='ocrx_word' id='word_1_157' title='bbox 235 1917 263 1962; x_wconf 88' lang='lat' dir='ltr'>et</span> <span class='ocrx_word' id='word_1_158' title='bbox 278 1908 397 1977; x_wconf 85' lang='lat' dir='ltr'>macies,</span> <span class='ocrx_word' id='word_1_159' title='bbox 415 1917 444 1962; x_wconf 89' lang='lat' dir='ltr'>et</span> <span class='ocrx_word' id='word_1_160' title='bbox 459 1909 565 1980; x_wconf 87' lang='lat' dir='ltr'>pallor,</span> <span class='ocrx_word' id='word_1_161' title='bbox 585 1919 613 1961; x_wconf 94' lang='lat' dir='ltr'>et</span> <span class='ocrx_word' id='word_1_162' title='bbox 629 1910 739 1978; x_wconf 85' lang='lat' dir='ltr'>omnia,</span> <span class='ocrx_word' id='word_1_163' title='bbox 756 1918 868 1978; x_wconf 86' lang='lat' dir='ltr'>captam</span> 
     </span>
     <span class='ocr_line' id='line_1_25' title="bbox 20 1978 874 2048; baseline 0.002 -18"><span class='ocrx_word' id='word_1_164' title='bbox 20 2024 23 2030; x_wconf 94' lang='lat'><em>.</em></span> <span class='ocrx_word' id='word_1_165' title='bbox 72 1979 151 2044; x_wconf 85' lang='lat' dir='ltr'>Quae</span> <span class='ocrx_word' id='word_1_166' title='bbox 168 1978 290 2042; x_wconf 63' lang='lat' dir='ltr'>deceant</span> <span class='ocrx_word' id='word_1_167' title='bbox 301 1979 411 2044; x_wconf 87' lang='lat' dir='ltr'>urbem,</span> <span class='ocrx_word' id='word_1_168' title='bbox 426 1996 530 2031; x_wconf 88' lang='lat' dir='ltr'>nomen</span> <span class='ocrx_word' id='word_1_169' title='bbox 545 1995 656 2048; x_wconf 90' lang='lat' dir='ltr'>quoque</span> <span class='ocrx_word' id='word_1_170' title='bbox 668 1978 771 2030; x_wconf 87' lang='lat' dir='ltr'>mansit</span> <span class='ocrx_word' id='word_1_171' title='bbox 781 1979 812 2031; x_wconf 86' lang='lat' dir='ltr'>in</span> <span class='ocrx_word' id='word_1_172' title='bbox 824 1979 874 2032; x_wconf 85' lang='lat' dir='ltr'>illa</span> 
     </span>
     <span class='ocr_line' id='line_1_26' title="bbox 71 2047 1061 2120; baseline 0 -20"><span class='ocrx_word' id='word_1_173' title='bbox 71 2047 166 2114; x_wconf 82' lang='lat' dir='ltr'>Urbis,</span> <span class='ocrx_word' id='word_1_174' title='bbox 181 2053 219 2099; x_wconf 86' lang='lat' dir='ltr'>et</span> <span class='ocrx_word' id='word_1_175' title='bbox 230 2047 289 2116; x_wconf 90' lang='lat' dir='ltr'>ipsa</span> <span class='ocrx_word' id='word_1_176' title='bbox 301 2049 356 2100; x_wconf 90' lang='lat' dir='ltr'>suis</span> <span class='ocrx_word' id='word_1_177' title='bbox 371 2047 547 2120; x_wconf 78' lang='lat' dir='ltr'>deplangitur</span> <span class='ocrx_word' id='word_1_178' title='bbox 557 2048 648 2100; x_wconf 76' lang='lat' dir='ltr'>Ardea</span> <span class='ocrx_word' id='word_1_179' title='bbox 659 2049 766 2116; x_wconf 86' lang='lat' dir='ltr'>pennis.</span> <span class='ocrx_word' id='word_1_180' title='bbox 982 2050 1034 2107; x_wconf 80' lang='lat'>580</span> <span class='ocrx_word' id='word_1_181' title='bbox 1059 2052 1061 2057; x_wconf 82' lang='grc'>’</span> 
     </span>
    </p>

    <p class='ocr_par' dir='ltr' id='par_1_22' title="bbox 69 2116 1050 2601">
     <span class='ocr_line' id='line_1_27' title="bbox 104 2116 809 2187; baseline 0.003 -19"><span class='ocrx_word' id='word_1_182' title='bbox 104 2119 228 2186; x_wconf 86' lang='lat' dir='ltr'>Iamque</span> <span class='ocrx_word' id='word_1_183' title='bbox 243 2116 308 2168; x_wconf 85' lang='lat' dir='ltr'>deos</span> <span class='ocrx_word' id='word_1_184' title='bbox 324 2134 431 2184; x_wconf 87' lang='lat' dir='ltr'>omnes,</span> <span class='ocrx_word' id='word_1_185' title='bbox 447 2118 594 2187; x_wconf 85' lang='lat' dir='ltr'>ipsamque</span> <span class='ocrx_word' id='word_1_186' title='bbox 606 2121 710 2170; x_wconf 81' lang='lat' dir='ltr'>Aeneia</span> <span class='ocrx_word' id='word_1_187' title='bbox 721 2117 809 2170; x_wconf 79' lang='lat' dir='ltr'>virtus</span> 
     </span>
     <span class='ocr_line' id='line_1_28' title="bbox 70 2186 741 2257; baseline 0.003 -21"><span class='ocrx_word' id='word_1_188' title='bbox 70 2186 216 2242; x_wconf 86' lang='lat' dir='ltr'>Iunonem</span> <span class='ocrx_word' id='word_1_189' title='bbox 226 2194 333 2241; x_wconf 78' lang='lat' dir='ltr'>veteres</span> <span class='ocrx_word' id='word_1_190' title='bbox 346 2186 428 2239; x_wconf 86' lang='lat' dir='ltr'>finire</span> <span class='ocrx_word' id='word_1_191' title='bbox 443 2186 652 2257; x_wconf 80' lang='lat' dir='ltr'>co‘e&#39;geratiras3</span> <span class='ocrx_word' id='word_1_192' title='bbox 737 2246 741 2252; x_wconf 28' lang='lat'>¹</span> 
     </span>
     <span class='ocr_line' id='line_1_29' title="bbox 71 2252 834 2325; baseline -0.001 -19"><span class='ocrx_word' id='word_1_193' title='bbox 71 2255 152 2322; x_wconf 81' lang='lat' dir='ltr'>Cum,</span> <span class='ocrx_word' id='word_1_194' title='bbox 170 2255 246 2307; x_wconf 90' lang='lat' dir='ltr'>bene</span> <span class='ocrx_word' id='word_1_195' title='bbox 258 2254 379 2307; x_wconf 86' lang='lat' dir='ltr'>fundatis</span> <span class='ocrx_word' id='word_1_196' title='bbox 392 2255 490 2325; x_wconf 83' lang='lat' dir='ltr'>opibus</span> <span class='ocrx_word' id='word_1_197' title='bbox 505 2259 655 2309; x_wconf 86' lang='lat' dir='ltr'>crescentis</span> <span class='ocrx_word' id='word_1_198' title='bbox 671 2252 734 2322; x_wconf 85' lang='lat' dir='ltr'>liiii,</span> <span class='ocrx_word' id='word_1_199' title='bbox 784 2306 787 2315; x_wconf 77' lang='grc'><strong><em>,</em></strong></span> <span class='ocrx_word' id='word_1_200' title='bbox 832 2286 834 2295; x_wconf 37' lang='grc' dir='ltr'><em>ψ</em></span> 
     </span>
     <span class='ocr_line' id='line_1_30' title="bbox 69 2322 784 2394; baseline -0.001 -17"><span class='ocrx_word' id='word_1_201' title='bbox 69 2322 268 2394; x_wconf 69' lang='lat' dir='ltr'>Tempestivus</span> <span class='ocrx_word' id='word_1_202' title='bbox 281 2325 342 2377; x_wconf 83' lang='lat' dir='ltr'>erat</span> <span class='ocrx_word' id='word_1_203' title='bbox 353 2325 433 2378; x_wconf 90' lang='lat' dir='ltr'>coelo</span> <span class='ocrx_word' id='word_1_204' title='bbox 449 2326 611 2394; x_wconf 81' lang='lat' dir='ltr'>Cythereius</span> <span class='ocrx_word' id='word_1_205' title='bbox 624 2326 721 2388; x_wconf 80' lang='lat' dir='ltr'>heros3</span> <span class='ocrx_word' id='word_1_206' title='bbox 780 2337 784 2342; x_wconf 86' lang='grc'><strong><em>’</em></strong></span> 
     </span>
     <span class='ocr_line' id='line_1_31' title="bbox 69 2393 1033 2464; baseline -0.002 -18"><span class='ocrx_word' id='word_1_207' title='bbox 69 2393 277 2462; x_wconf 68' lang='lat' dir='ltr'>ambieratque</span> <span class='ocrx_word' id='word_1_208' title='bbox 289 2395 382 2446; x_wconf 82' lang='lat' dir='ltr'>Venus</span> <span class='ocrx_word' id='word_1_209' title='bbox 396 2399 529 2464; x_wconf 82' lang='lat' dir='ltr'>Superos:</span> <span class='ocrx_word' id='word_1_210' title='bbox 547 2395 677 2464; x_wconf 84' lang='lat' dir='ltr'>colloque</span> <span class='ocrx_word' id='word_1_211' title='bbox 693 2393 817 2462; x_wconf 83' lang='lat' dir='ltr'>parentis</span> <span class='ocrx_word' id='word_1_212' title='bbox 982 2396 1033 2454; x_wconf 78' lang='lat'>585</span> 
     </span>
     <span class='ocr_line' id='line_1_32' title="bbox 71 2460 1050 2533; baseline 0 -20"><span class='ocrx_word' id='word_1_213' title='bbox 71 2461 253 2515; x_wconf 83' lang='lat' dir='ltr'>Circumfusa</span> <span class='ocrx_word' id='word_1_214' title='bbox 264 2463 315 2529; x_wconf 86' lang='lat' dir='ltr'>sui,</span> <span class='ocrx_word' id='word_1_215' title='bbox 332 2465 482 2533; x_wconf 85' lang='lat' dir='ltr'>Nunquam</span> <span class='ocrx_word' id='word_1_216' title='bbox 497 2464 575 2532; x_wconf 89' lang='lat' dir='ltr'>mihi,</span> <span class='ocrx_word' id='word_1_217' title='bbox 594 2463 708 2528; x_wconf 87' lang='lat' dir='ltr'>dixerat,</span> <span class='ocrx_word' id='word_1_218' title='bbox 725 2460 784 2513; x_wconf 91' lang='lat' dir='ltr'>ullo</span> <span class='ocrx_word' id='word_1_219' title='bbox 1049 2500 1050 2505; x_wconf 66' lang='lat'>,</span> 
     </span>
     <span class='ocr_line' id='line_1_33' title="bbox 69 2528 790 2601; baseline -0.003 -18"><span class='ocrx_word' id='word_1_220' title='bbox 69 2531 218 2601; x_wconf 82' lang='lat' dir='ltr'>Tempore</span> <span class='ocrx_word' id='word_1_221' title='bbox 234 2528 302 2582; x_wconf 82' lang='lat' dir='ltr'>dure</span> <span class='ocrx_word' id='word_1_222' title='bbox 313 2540 401 2600; x_wconf 88' lang='lat' dir='ltr'>pater,</span> <span class='ocrx_word' id='word_1_223' title='bbox 420 2550 494 2584; x_wconf 92' lang='lat' dir='ltr'>nunc</span> <span class='ocrx_word' id='word_1_224' title='bbox 506 2533 542 2584; x_wconf 89' lang='lat' dir='ltr'>sis</span> <span class='ocrx_word' id='word_1_225' title='bbox 553 2532 715 2583; x_wconf 84' lang='lat' dir='ltr'>mitissimus</span> <span class='ocrx_word' id='word_1_226' title='bbox 729 2545 790 2598; x_wconf 88' lang='lat' dir='ltr'>oro,</span> 
     </span>
    </p>

    <p class='ocr_par' dir='ltr' id='par_1_23' title="bbox 69 2600 893 2670">
     <span class='ocr_line' id='line_1_34' title="bbox 69 2600 893 2670; baseline -0.004 -17"><span class='ocrx_word' id='word_1_227' title='bbox 69 2604 244 2669; x_wconf 66' lang='lat' dir='ltr'>Aeneaeque</span> <span class='ocrx_word' id='word_1_228' title='bbox 255 2615 329 2667; x_wconf 89' lang='lat' dir='ltr'>meo,</span> <span class='ocrx_word' id='word_1_229' title='bbox 349 2601 397 2670; x_wconf 91' lang='lat' dir='ltr'>qui</span> <span class='ocrx_word' id='word_1_230' title='bbox 409 2611 438 2653; x_wconf 91' lang='lat' dir='ltr'>te</span> <span class='ocrx_word' id='word_1_231' title='bbox 452 2601 487 2653; x_wconf 90' lang='lat' dir='ltr'>de</span> <span class='ocrx_word' id='word_1_232' title='bbox 499 2618 548 2652; x_wconf 86' lang='lat' dir='ltr'>san</span> <span class='ocrx_word' id='word_1_233' title='bbox 588 2600 634 2653; x_wconf 90' lang='lat' dir='ltr'>ine</span> <span class='ocrx_word' id='word_1_234' title='bbox 646 2608 741 2652; x_wconf 86' lang='lat' dir='ltr'>nostro</span> <span class='ocrx_word' id='word_1_235' title='bbox 887 2656 893 2667; x_wconf 23' lang='lat' dir='ltr'>x</span> 
     </span>
    </p>

    <p class='ocr_par' dir='ltr' id='par_1_24' title="bbox 69 2669 871 2739">
     <span class='ocr_line' id='line_1_35' title="bbox 69 2669 871 2739; baseline -0.002 -18"><span class='ocrx_word' id='word_1_236' title='bbox 69 2670 151 2722; x_wconf 87' lang='lat' dir='ltr'>Fecit</span> <span class='ocrx_word' id='word_1_237' title='bbox 167 2680 264 2734; x_wconf 76' lang='lat' dir='ltr'>avum,</span> <span class='ocrx_word' id='word_1_238' title='bbox 283 2669 409 2737; x_wconf 85' lang='lat' dir='ltr'>quamvis</span> <span class='ocrx_word' id='word_1_239' title='bbox 421 2686 538 2739; x_wconf 81' lang='lat' dir='ltr'>parvum</span> <span class='ocrx_word' id='word_1_240' title='bbox 571 2686 609 2734; x_wconf 87' lang='lat' dir='ltr'>es,</span> <span class='ocrx_word' id='word_1_241' title='bbox 628 2669 742 2737; x_wconf 87' lang='lat' dir='ltr'>optime,</span> <span class='ocrx_word' id='word_1_242' title='bbox 759 2683 871 2734; x_wconf 87' lang='lat' dir='ltr'>numen,</span> 
     </span>
    </p>

    <p class='ocr_par' dir='ltr' id='par_1_25' title="bbox 67 2735 1033 2878">
     <span class='ocr_line' id='line_1_36' title="bbox 67 2735 1033 2808; baseline 0.002 -18"><span class='ocrx_word' id='word_1_243' title='bbox 67 2737 146 2792; x_wconf 85' lang='lat' dir='ltr'>Dum</span> <span class='ocrx_word' id='word_1_244' title='bbox 163 2735 316 2789; x_wconf 86' lang='lat' dir='ltr'>modo&#39;des</span> <span class='ocrx_word' id='word_1_245' title='bbox 333 2738 455 2807; x_wconf 85' lang='lat' dir='ltr'>aliquod.</span> <span class='ocrx_word' id='word_1_246' title='bbox 490 2740 561 2790; x_wconf 74' lang='lat' dir='ltr'>Satis</span> <span class='ocrx_word' id='word_1_247' title='bbox 574 2745 615 2790; x_wconf 89' lang='lat' dir='ltr'>est</span> <span class='ocrx_word' id='word_1_248' title='bbox 626 2736 775 2790; x_wconf 85' lang='lat' dir='ltr'>inamabile</span> <span class='ocrx_word' id='word_1_249' title='bbox 788 2752 908 2808; x_wconf 82' lang='lat' dir='ltr'>regnum</span> <span class='ocrx_word' id='word_1_250' title='bbox 980 2742 1033 2799; x_wconf 79' lang='lat'>690</span> 
     </span>
     <span class='ocr_line' id='line_1_37' title="bbox 68 2806 825 2878; baseline -0.004 -18"><span class='ocrx_word' id='word_1_251' title='bbox 68 2806 240 2877; x_wconf 73' lang='lat' dir='ltr'>bdspexisse</span> <span class='ocrx_word' id='word_1_252' title='bbox 254 2807 349 2874; x_wconf 86' lang='lat' dir='ltr'>semel,</span> <span class='ocrx_word' id='word_1_253' title='bbox 367 2807 477 2878; x_wconf 80' lang='lat' dir='ltr'>Stygios</span> <span class='ocrx_word' id='word_1_254' title='bbox 490 2807 577 2878; x_wconf 81' lang='lat' dir='ltr'>semel</span> <span class='ocrx_word' id='word_1_255' title='bbox 588 2807 641 2857; x_wconf 87' lang='lat' dir='ltr'>isse</span> <span class='ocrx_word' id='word_1_256' title='bbox 651 2823 704 2874; x_wconf 86' lang='lat' dir='ltr'>per</span> <span class='ocrx_word' id='word_1_257' title='bbox 721 2821 825 2858; x_wconf 85' lang='lat' dir='ltr'>aumas.</span> 
     </span>
    </p>

    <p class='ocr_par' dir='ltr' id='par_1_26' title="bbox 67 2872 783 2947">
     <span class='ocr_line' id='line_1_38' title="bbox 67 2872 783 2947; baseline -0.001 -19"><span class='ocrx_word' id='word_1_258' title='bbox 67 2879 225 2930; x_wconf 76' lang='lat' dir='ltr'>Assensere</span> <span class='ocrx_word' id='word_1_259' title='bbox 238 2873 298 2928; x_wconf 83' lang='lat' dir='ltr'>dei:</span> <span class='ocrx_word' id='word_1_260' title='bbox 315 2892 368 2928; x_wconf 86' lang='lat' dir='ltr'>uec</span> <span class='ocrx_word' id='word_1_261' title='bbox 384 2872 486 2931; x_wconf 66' lang='lat' dir='ltr'>Coniux</span> <span class='ocrx_word' id='word_1_262' title='bbox 498 2877 577 2947; x_wconf 79' lang='lat' dir='ltr'>regia</span> <span class='ocrx_word' id='word_1_263' title='bbox 585 2875 680 2928; x_wconf 81' lang='lat' dir='ltr'>vultus</span> <span class='ocrx_word' id='word_1_264' title='bbox 781 2914 783 2917; x_wconf 28' lang='grc' dir='ltr'>ψ</span> 
     </span>
    </p>

    <p class='ocr_par' dir='ltr' id='par_1_27' title="bbox 65 2943 703 3019">
     <span class='ocr_line' id='line_1_39' title="bbox 65 2943 703 3019; baseline 0 -21"><span class='ocrx_word' id='word_1_265' title='bbox 65 2946 216 2998; x_wconf 84' lang='lat' dir='ltr'>immotos</span> <span class='ocrx_word' id='word_1_266' title='bbox 230 2943 329 3009; x_wconf 80' lang='lat' dir='ltr'>tenuit,</span> <span class='ocrx_word' id='word_1_267' title='bbox 348 2943 516 3019; x_wconf 89' lang='lat' dir='ltr'>placatoque</span> <span class='ocrx_word' id='word_1_268' title='bbox 527 2945 631 2998; x_wconf 54' lang='lat' dir='ltr'>¹annuit</span> <span class='ocrx_word' id='word_1_269' title='bbox 645 2961 703 2998; x_wconf 87' lang='lat' dir='ltr'>ore.</span> 
     </span>
    </p>

    <p class='ocr_par' dir='ltr' id='par_1_28' title="bbox 64 3012 1115 3360">
     <span class='ocr_line' id='line_1_40' title="bbox 65 3012 1115 3086; baseline -0.001 -19"><span class='ocrx_word' id='word_1_270' title='bbox 65 3015 143 3067; x_wconf 87' lang='lat' dir='ltr'>Tum</span> <span class='ocrx_word' id='word_1_271' title='bbox 155 3021 252 3083; x_wconf 87' lang='lat' dir='ltr'>pater,</span> <span class='ocrx_word' id='word_1_272' title='bbox 269 3013 353 3080; x_wconf 53' lang='lat' dir='ltr'>Estisp</span> <span class='ocrx_word' id='word_1_273' title='bbox 366 3013 413 3080; x_wconf 89' lang='lat' dir='ltr'>ait,</span> <span class='ocrx_word' id='word_1_274' title='bbox 431 3015 545 3068; x_wconf 84' lang='lat' dir='ltr'>coelesti</span> <span class='ocrx_word' id='word_1_275' title='bbox 558 3031 675 3068; x_wconf 90' lang='lat' dir='ltr'>munere</span> <span class='ocrx_word' id='word_1_276' title='bbox 690 3012 781 3086; x_wconf 80' lang='lat' dir='ltr'>digni3</span> <span class='ocrx_word' id='word_1_277' title='bbox 1110 3072 1115 3082; x_wconf 26' lang='lat'><strong>³</strong></span> 
     </span>
     <span class='ocr_line' id='line_1_41' title="bbox 67 3080 1028 3154; baseline 0.005 -20"><span class='ocrx_word' id='word_1_278' title='bbox 67 3085 213 3152; x_wconf 83' lang='lat' dir='ltr'>Quaeque</span> <span class='ocrx_word' id='word_1_279' title='bbox 220 3082 300 3149; x_wconf 91' lang='lat' dir='ltr'>petis,</span> <span class='ocrx_word' id='word_1_280' title='bbox 307 3100 359 3152; x_wconf 91' lang='lat' dir='ltr'>pro</span> <span class='ocrx_word' id='word_1_281' title='bbox 368 3084 564 3154; x_wconf 85' lang='lat' dir='ltr'>quoquepetis.</span> <span class='ocrx_word' id='word_1_282' title='bbox 574 3086 659 3153; x_wconf 81' lang='lat' dir='ltr'>cape,</span> <span class='ocrx_word' id='word_1_283' title='bbox 668 3080 936 3154; x_wconf 60' lang='lat' dir='ltr'>gnataquodloptas.</span> <span class='ocrx_word' id='word_1_284' title='bbox 978 3085 1028 3141; x_wconf 80' lang='lat'>595</span> 
     </span>
     <span class='ocr_line' id='line_1_42' title="bbox 65 3152 854 3225; baseline 0 -20"><span class='ocrx_word' id='word_1_285' title='bbox 65 3153 154 3206; x_wconf 76' lang='lat' dir='ltr'>Fatus</span> <span class='ocrx_word' id='word_1_286' title='bbox 167 3158 241 3202; x_wconf 81' lang='lat' dir='ltr'>erat.</span> <span class='ocrx_word' id='word_1_287' title='bbox 276 3152 391 3219; x_wconf 84' lang='lat' dir='ltr'>Gaudet,</span> <span class='ocrx_word' id='word_1_288' title='bbox 409 3163 556 3224; x_wconf 79' lang='lat' dir='ltr'>gratesque</span> <span class='ocrx_word' id='word_1_289' title='bbox 569 3154 628 3225; x_wconf 83' lang='lat' dir='ltr'>agit</span> <span class='ocrx_word' id='word_1_290' title='bbox 640 3152 689 3206; x_wconf 90' lang='lat' dir='ltr'>illa</span> <span class='ocrx_word' id='word_1_291' title='bbox 700 3153 821 3222; x_wconf 77' lang='lat' dir='ltr'>parenti:</span> <span class='ocrx_word' id='word_1_292' title='bbox 852 3215 854 3219; x_wconf 14' lang='lat'><strong>¹</strong></span> 
     </span>
     <span class='ocr_line' id='line_1_43' title="bbox 64 3217 749 3290; baseline 0.003 -17"><span class='ocrx_word' id='word_1_293' title='bbox 64 3221 182 3290; x_wconf 85' lang='lat' dir='ltr'>Perque</span> <span class='ocrx_word' id='word_1_294' title='bbox 196 3217 272 3269; x_wconf 85' lang='lat' dir='ltr'>leves</span> <span class='ocrx_word' id='word_1_295' title='bbox 283 3235 362 3274; x_wconf 85' lang='lat' dir='ltr'>auras</span> <span class='ocrx_word' id='word_1_296' title='bbox 374 3221 474 3275; x_wconf 87' lang='lat' dir='ltr'>iunctis</span> <span class='ocrx_word' id='word_1_297' title='bbox 486 3222 598 3276; x_wconf 75' lang='lat' dir='ltr'>intecta</span> <span class='ocrx_word' id='word_1_298' title='bbox 612 3221 749 3275; x_wconf 80' lang='lat' dir='ltr'>columbis</span> 
     </span>
     <span class='ocr_line' id='line_1_44' title="bbox 65 3285 796 3360; baseline -0.003 -18"><span class='ocrx_word' id='word_1_299' title='bbox 65 3290 163 3342; x_wconf 87' lang='lat' dir='ltr'>Littus</span> <span class='ocrx_word' id='word_1_300' title='bbox 176 3285 238 3338; x_wconf 86' lang='lat' dir='ltr'>adit</span> <span class='ocrx_word' id='word_1_301' title='bbox 250 3286 381 3357; x_wconf 77' lang='lat' dir='ltr'>Laurens,</span> <span class='ocrx_word' id='word_1_302' title='bbox 396 3291 445 3343; x_wconf 89' lang='lat' dir='ltr'>ubi</span> <span class='ocrx_word' id='word_1_303' title='bbox 459 3300 548 3344; x_wconf 86' lang='lat' dir='ltr'>tectus</span> <span class='ocrx_word' id='word_1_304' title='bbox 563 3291 699 3343; x_wconf 85' lang='lat' dir='ltr'>arundine</span> <span class='ocrx_word' id='word_1_305' title='bbox 708 3288 796 3360; x_wconf 87' lang='lat' dir='ltr'>serpit</span> 
     </span>
    </p>

    <p class='ocr_par' dir='ltr' id='par_1_29' title="bbox 64 3353 718 3427">
     <span class='ocr_line' id='line_1_45' title="bbox 64 3353 718 3427; baseline 0.005 -14"><span class='ocrx_word' id='word_1_306' title='bbox 64 3361 101 3413; x_wconf 84' lang='lat' dir='ltr'>lu</span> <span class='ocrx_word' id='word_1_307' title='bbox 113 3358 198 3412; x_wconf 76' lang='lat' dir='ltr'>irata</span> <span class='ocrx_word' id='word_1_308' title='bbox 209 3353 350 3411; x_wconf 82' lang='lat' dir='ltr'>flumineis</span> <span class='ocrx_word' id='word_1_309' title='bbox 364 3359 457 3427; x_wconf 73' lang='lat' dir='ltr'>vicina</span> <span class='ocrx_word' id='word_1_310' title='bbox 470 3360 616 3415; x_wconf 82' lang='lat' dir='ltr'>Numicius</span> <span class='ocrx_word' id='word_1_311' title='bbox 627 3361 718 3416; x_wconf 89' lang='lat' dir='ltr'>undis.</span> 
     </span>
    </p>
   </div>
   <div class='ocr_carea' id='block_1_3' title="bbox 0 0 1180 3834">
    <p class='ocr_par' dir='ltr' id='par_1_30' title="bbox 0 0 1180 3834">
     <span class='ocr_line' id='line_1_46' title="bbox 0 0 1180 3834; baseline 0 4"><span class='ocrx_word' id='word_1_312' title='bbox 0 0 1180 3834; x_wconf 95' lang='lat' dir='ltr'> </span> 
     </span>
    </p>
   </div>
  </div>
 </body>
</html>
