2350 3834
100 210 177 285 'auu
337 224 340 229 ·
374 205 800 271 ‘eorrunnnsour's
834 250 836 253 .
869 222 910 259 --

186 367 221 420 Et
236 363 423 435 quodcunque
435 359 695 429 ‘latet.-,Primusque
709 358 841 410 animalia
854 358 960 411 mensis

186 434 284 487 Arcuit
290 433 412 501 imponi:
430 432 537 500 primus
551 447 664 500 quoque
672 429 776 480 talibus
791 445 842 480 ora

189 507 278 556 Docta
291 502 406 572 quidem
420 501 512 564 solvit,
531 499 650 551 sednon
664 507 693 550 et
703 498 819 562 credita,
839 497 946 550 verbis:
1005 535 1007 537 -

134 575 169 632 75
186 573 303 636 Parcite,
321 569 472 634 mortales*
482 569 579 638 dapius
596 578 734 621 temerare
748 566 876 622 nefandis

188 644 327 709 corporat
345 648 409 691 sunt
419 639 523 709 fruges,
540 647 605 690 sunt
620 636 787 690 deducentia
799 652 894 688 ramos

188 710 315 764 Pondere
325 726 413 777 poma
423 725 482 774 suo,
495 707 676 780 tumidaeque
687 707 718 757 in
733 706 834 758 ritihus
848 722 932 758 urae:

189 783 260 831 Sunt
271 779 375 830 herhas
387 777 498 831 drrlces:
515 785 588 841 sunt,
606 793 678 845 quaa
694 776 842 837 mitescere
857 775 986 842 flamma,

108 860 110 865 ’
190 847 351 917 Mollirique
362 852 475 916 queant.
493 846 640 902 Neu‘vobis
652 845 762 896 lacteus
772 845 875 896 humor

44 952 47 973 t
140 919 176 974 80
191 917 323 986 Eripitur,
340 934 394 968 nec
406 915 491 968 mella
502 915 594 984 thymi
606 913 763 967 redolentia
773 915 887 979 florem.

191 987 311 1056 Prodiga
325 985 441 1050 diritius,
459 982 648 1054 alimentaque
660 983 740 1035 mitia
753 984 837 1036 tellus

193 1055 333 1127 Suggerit,
352 1063 436 1125 atque
451 1053 545 1123 epulas
562 1055 622 1105 sine
634 1053 721 1105 caede
734 1062 762 1105 et
774 1054 908 1124 sanguiue
920 1053 1050 1123 praebet.

195 1127 282 1177 Carne
295 1124 373 1176 ferae
386 1124 483 1176 sedant
494 1123 607 1189 ieiunia,
623 1139 677 1174 nec
688 1132 785 1175 tamen
797 1140 903 1176 omnes.
970 1173 972 1175 ,

194 1194 302 1263 Quippe
313 1199 411 1263 e'quui,
429 1198 457 1244 et
472 1192 801 1262 pecudeaarmentaqne
816 1193 944 1262 gramine
958 1192 1067 1251 vimmt.

143 1263 179 1319 85
196 1270 231 1316 nt
248 1262 346 1332 quihus
361 1262 560 1332 ingenium'est
572 1261 845 1331 immansuetumque
858 1262 1020 1332 ferumque,

142 1340 146 1347 “
194 1333 398 1400 Armeniaeque
409 1332 504 1401 tigres,
515 1331 699 1400 iracundique
713 1331 818 1396 leones,

196 1404 320 1470 Cumque
333 1401 404 1468 lupis
418 1400 485 1465 ursi,
504 1400 621 1468 dapibus
637 1417 702 1452 cum
717 1401 851 1481 sanguine
864 1401 998 1472 gaudent:

195 1473 256 1522 Heu
270 1478 406 1539 quantum
419 1469 572 1534 scelussst,
586 1468 739 1521 'iu-viscera
752 1487 859 1522 viscera
870 1470 965 1539 condi,
991 1510 992 1515 ¹

197 1541 388 1610 Congestoque
402 1538 514 1593 avidum
526 1538 710 1608 pinguescere
719 1556 838 1608 corpore
852 1556 968 1609 corpus,

144 1609 181 1664 90
196 1608 373 1689 Alteriusque
386 1607 558 1659 animantem
572 1607 723 1660 animantis
735 1608 913 1663 rivereleto!

197 1677 311 1730 Scilicet
323 1695 353 1729 m
365 1678 449 1728 tantis
463 1677 574 1746 opibus,
589 1695 657 1746 quas
672 1677 778 1746 optima
790 1687 915 1731 matrum

197 1749 285 1799 Terra
297 1747 379 1815 parit,
398 1746 438 1797 nil
450 1755 479 1797 te
492 1746 544 1798 nisi
558 1746 650 1798 tristia
663 1747 798 1798 mandere
812 1765 894 1800 saevo

196 1816 319 1868 Vulnera
333 1815 416 1887 deute
430 1815 513 1880 iuvat,
530 1815 656 1885 ritusque
669 1816 776 1868 referre
789 1816 961 1888 Cycloptuu?

198 1888 268 1951 Nec,
285 1885 340 1937 nisi
352 1883 506 1952 perdideris
519 1884 615 1950 alium,
632 1885 745 1954 placare
757 1886 866 1940 voracis

146 1955 181 2012 95
199 1958 233 2008 Et
245 1953 319 2006 male
331 1953 435 2005 morati
447 1952 553 2022 poteris
566 1954 669 2006 ieiunia
685 1955 809 2006 ventris?

191 2022 234 2076 >xAt
247 2032 326 2076 retus
338 2022 387 2074 illa
400 2031 483 2083 aetas,
499 2023 548 2075 cui
561 2022 679 2075 lecimus
692 2028 912 2090 durcamomen,

65 2135 71 2145 ,
101 2136 104 2139 .
170 2093 328 2146 ·Foetibus
341 2091 474 2155 arboreis,
493 2101 529 2158 et,
546 2109 614 2212 quas
626 2093 728 2144 humus
745 2090 968 2158 educat‚*herbis
1001 2124 1005 2135 ι

198 2165 351 2216 Fortunata
363 2161 427 2226 fuit,
445 2177 499 2212 nec
513 2161 616 2229 poluit
631 2179 681 2213 ora
695 2179 806 2214 cruore.

199 2234 280 2283 Tunc
292 2240 320 2282 ct
334 2246 398 2283 ares
411 2238 485 2281 tutas
497 2246 611 2282 morere
624 2248 674 2299 per
688 2235 755 2283 aera
767 2247 890 2299 pennast

132 2303 184 2357 100
200 2303 234 2353 Et
247 2300 327 2368 lepus
342 2298 496 2367 impavidus
507 2299 604 2350 mediis
618 2301 722 2351 erravit
735 2300 763 2353 in
777 2301 864 2370 agris:
933 2310 935 2313 ’

198 2373 259 2424 Nec
270 2385 320 2420 sua
334 2368 482 2437 credulitas
494 2369 599 2436 piscem
611 2368 793 2437 suspenderat
806 2369 907 2422 hamos

202 2441 307 2491 Cuncta
321 2438 379 2489 sine
391 2437 504 2499 insidiis,
520 2437 684 2507 nullamque
698 2438 826 2490 timentia
839 2438 979 2507 fraudem,

198 2507 338 2576 Plenaque
350 2507 427 2576 pacis,
437 2515 526 2560 erant.
543 2509 691 2576 Postquam
706 2525 763 2559 non
778 2507 853 2559 utilis
866 2517 968 2562 auctor

185 2596 189 2603 ·
200 2577 326 2629 Victibus
336 2576 445 2640 invidit,¹
455 2576 578 2649 quisquis
591 2576 707 2629 fuitille
718 2577 853 2640 virorum,

130 2650 184 2706 105
202 2648 409 2716 Corporeesque
419 2645 502 2713 dapes
514 2645 623 2698 avidam
635 2645 768 2697 demersit
781 2647 808 2697 in
822 2646 915 2698 ulrum
924 2665 939 2714 ς’

200 2715 280 2769 Fecit
290 2715 345 2772 iter
359 2714 473 2767 sceleri:
490 2715 636 2785 primaque
650 2733 666 2766 c
680 2715 765 2767 caede
780 2715 907 2769 ferarum

199 2784 350 2837 incaluisse
360 2792 457 2852 putem
470 2783 644 2836 maculatum
660 2784 793 2854 sunguine
808 2784 926 2838 ferrum.

200 2852 288 2923 quue
302 2854 366 2904 sutis
379 2853 484 2911 fuerat:
503 2862 687 2924 nostrumque
699 2854 824 2921 petentia
835 2853 925 2906 letum

131 2947 135 2952 ·
203 2924 326 2991 Corpora
334 2922 419 2975 missa
430 2923 493 2974 neci
507 2923 582 2975 salva
595 2925 697 2992 pietate
711 2922 847 2975 fatemur:

134 2993 186 3046 110
205 2991 257 3042 Sed
273 3007 358 3059 quem
372 2990 462 3051 danda
476 2992 548 3053 neci,
567 2994 628 3044 tam'
639 2992 848 3062 non'epulanda
860 2991 990 3048 fuerunt.

201 3060 323 3128 Longius
334 3059 400 3111 inde
412 3060 489 3111 nefas
504 3059 581 3120 abiit,
601 3070 629 3112 et
644 3061 736 3129 prima
749 3069 866 3129 putatur

202 3129 298 3183 Hostia
313 3144 358 3179 sus
372 3128 504 3183 meruisse
514 3130 597 3194 mori,
617 3131 683 3199 quia
699 3130 806 3183 semina
819 3129 910 3198 pando

202 3192 313 3259 Eruerit
324 3208 426 3263 rostro,
444 3214 580 3267 spemque
592 3199 775 3267 interceperit
785 3199 860 3255 anui.

129 3286 133 3295 >
150 3278 160 3329 ¹.
202 3265 266 3317 vite
278 3283 364 3334 caper
375 3284 468 3318 morse
482 3267 580 3319 Bacchi
592 3268 756 3323 mactandus
772 3269 807 3320 ad
821 3285 884 3323 erue
947 3306 952 3319 ,

135 3330 184 3386 115
201 3335 318 3387 Ducitur
332 3335 440 3401 ultoria
457 3336 560 3391 Noouit
574 3354 625 3393 sua
639 3337 724 3413 ctdpa
735 3337 853 3395 duabus.
