2350 3834
132 208 174 272 32
306 253 311 267 ,
383 201 820 261 .e..ov1n11uusou1s

160 402 162 409 ,
200 351 287 404 Causa
299 365 397 402 morae
410 347 488 402 nulla
503 356 558 401 est:
576 356 605 401 et
616 347 674 400 ism
685 360 757 417 puer
769 352 865 418 Arcus,
881 348 1017 423 idipsum

198 419 322 472 Indoluit
336 423 414 484 Iuno,
432 418 527 471 fuerat
539 417 573 469 de
585 417 687 486 pellice
701 425 792 471 nanu.

130 491 184 550 470
200 492 261 554 Quo
274 488 358 541 simul
373 487 494 541 obvertit
507 503 617 538 saevam
630 503 697 539 cum
706 486 813 539 lumine
825 498 969 556 mentem3

198 550 378 615 Scilicethoc
389 573 478 609 unum
487 555 621 622 restabat,
639 555 776 622 adultere,
795 555 872 626 dixit,

197 631 233 680 At
247 625 367 679 fecunde
379 624 465 693 fores,
482 625 620 695 fieretque
628 624 730 677 iniuria
742 634 826 694 portu

198 697 282 762 Nota,
300 695 428 765 Iovisque
439 695 497 748 mei
507 703 643 746 testatum
656 694 778 747 dedecus
790 703 868 750 esset.

198 766 279 817 Haud
291 763 406 835 impune
416 764 504 817 feres=
522 764 647 816 edituum
658 764 711 816 tibi
720 781 824 833 nempe
836 764 967 836 figurem,

129 834 183 893 475
200 837 262 898 Qua
272 833 333 900 tibi,
351 851 463 905 queque
475 831 571 903 places
586 842 691 899 nostro,
709 833 1007 913 importuna,'mu1·ito.

198 904 286 956 Dixit:
306 911 342 970 et,
361 904 477 956 adverso
493 902 601 972 prensis
614 920 631 954 e
643 903 738 955 fionte
752 901 867 970 capillis,

93 1011 97 1018 .
197 973 301 1024 Stravit
312 973 392 1033 humi
403 989 532 1043 pronam.
550 972 694 1025 Tendebat
704 970 819 1025 brechia
832 970 963 1041 supplex:

197 1042 484 1112 Brochie'coeperunt
498 1041 585 1112 nigris
599 1040 764 1094 horrescere
781 1039 862 1107 villis,

198 1111 369 1182 Gurvarique
383 1128 492 1177 manus,
511 1119 539 1162 et
551 1110 675 1163 aduncos
688 1125 815 1163 crescere
823 1109 857 1160 -in
869 1123 986 1179 ungues,

128 1178 182 1237 480
199 1180 353 1250 Officioque
364 1180 469 1249 pedum
482 1179 532 1233 tm
557 1179 576 1232 ἐ
595 1179 765 1249 laudateque
776 1178 920 1249 quondam

199 1252 254 1301 Ora
268 1248 337 1315 tori,
351 1248 411 1303 leto
422 1247 488 1301 fieri
497 1247 532 1299 de
545 1247 638 1301 ormia
650 1246 732 1300 rictu
992 1300 994 1306 ,

195 1319 272 1371 Neve
304 1317 511 1383 recessimus,
529 1324 558 1369 et
569 1317 656 1369 verba
668 1316 795 1385 potentie
808 1315 934 1383 flectant,

196 1387 278 1439 Posse
284 1335 371 1458 loqui
382 1385 509 1454 eripitur.
528 1387 586 1439 Vox
596 1385 741 1451 iracunda,
758 1384 918 1455 minaxque,

195 1455 336 1524 Plenaque
350 1454 467 1508 terroris
478 1470 565 1513 reuco
579 1454 614 1508 de
629 1463 742 1526 gutture
755 1454 856 1509 fertur.
875 1499 877 1502 ,

126 1522 180 1584 485
196 1526 274 1576 Mens
290 1524 404 1595 antique
416 1532 513 1576 temen
524 1523 602 1576 fecte
617 1539 735 1594 pioque
744 1523 848 1577 mansit
859 1522 891 1576 in
910 1536 994 1577 urta:

195 1594 367 1665 Assiduoque
383 1610 447 1646 suos
462 1592 570 1664 gemitu
584 1601 687 1645 testate
702 1591 822 1659 dolores,
978 1606 982 1612 ·

197 1662 410 1732 Qualescunque
425 1679 524 1717 munus
538 1661 575 1714 ed
586 1662 698 1715 coelum
711 1670 740 1714 et
749 1661 843 1714 sidere
851 1659 936 1729 tollit

195 1734 396 1802 ingratumque
407 1736 512 1799 lovem,
528 1740 651 1802 nequeat
663 1747 729 1785 cum
741 1731 844 1797 dicere,
861 1731 956 1785 sentit.

196 1801 252 1854 Ah!
271 1802 389 1871 quoties,
406 1801 466 1854 sola
477 1817 535 1853 non
549 1814 616 1853 ause
627 1801 770 1872 quiescere
783 1800 860 1866 silve,

125 1871 180 1930 490
194 1870 405 1938 Ante-domum,
423 1869 622 1941 quondamque
639 1872 695 1922 suis
706 1871 810 1922 erravit
824 1870 854 1922 in
865 1867 953 1940 egris!

195 1939 252 1993 Ah!
271 1940 378 2010 quoties
389 1957 442 2010 per
455 1956 520 2003 sexa
534 1957 637 1994 canum
649 1939 794 1995 latratibus
806 1947 871 1991 ecte
882 1938 939 1991 esti
958 1936 960 1941 ’
984 1952 986 1956 “

194 2008 383 2090 venatrixque
396 2017 476 2062 metu
484 2017 638 2062 venantum
649 2008 749 2061 territa
758 2008 846 2080 fugit!

196 2080 285 2148 Saepe
297 2078 365 2132 iens
376 2079 459 2131 latuit
471 2078 544 2146 visis,
563 2078 652 2131 oblite
663 2077 732 2149 quid
744 2087 831 2131 esset:

196 2149 322 2219 Vrsaque
332 2156 495 2218 conspectos
506 2147 537 2200 in
546 2148 688 2201 montibus
698 2147 810 2200 horruit
821 2160 917 2199 ursos=

125 2213 179 2276 495
194 2216 394 2287 Pertunuitque
406 2217 503 2286 lupos3
522 2217 646 2286 qumvis
659 2225 741 2285 pater
754 2222 827 2270 esset
841 2215 872 2269 iu
882 2212 948 2268 illie.

80 2292 84 2299 '
230 2289 315 2339 Ecce!
331 2285 488 2355 Lycaoniae
499 2285 601 2354 proles,
618 2285 716 2357 ignare
764 2284 860 2352 sentis,

195 2359 280 2408 Arcus
296 2355 380 2420 adest,
397 2363 442 2407 ter
456 2355 579 2426 quinque
593 2355 654 2408 iere
667 2363 716 2409 net
745 2356 805 2409 ibus
818 2352 897 2407 actis.

194 2425 269 2477 Dum
289 2441 324 2477 ue
335 2423 410 2477 feros
422 2424 557 2494 sequitur,
575 2424 644 2477 dum
655 2423 740 2476 saltus
755 2424 833 2495 eligit
846 2431 935 2491 aptos,

194 2443 391 2564 Nullusque
404 2492 494 2564 plagis
507 2492 588 2547 silves
603 2494 815 2563 Erymanthidas
827 2491 933 2558 embit3

125 2561 180 2617 500
196 2560 298 2615 Incidit
310 2563 339 2614 in
350 2572 488 2615 matrem:
509 2579 581 2633 quae
599 2563 704 2617 restitit
714 2562 823 2616 Arcade
834 2560 904 2630 vieo,

193 2632 230 2684 Et
245 2632 427 2702 cognoscenti
437 2631 535 2685 similis
548 2631 613 2687 fuit·
629 2632 679 2684 ille
688 2632 802 2703 refugit,

193 2701 384 2771 Immotoeque
392 2701 490 2755 oculos
503 2701 534 2754 in
547 2716 577 2754 se
589 2701 648 2754 sine
659 2701 716 2754 fine
730 2708 873 2754 tenentem

193 2768 309 2821 Nescius
324 2770 465 2823 extimuit:
483 2771 655 2840 propiusque
666 2770 802 2824 accedere
814 2767 908 2824 evene

192 2836 331 2891 Vulniiico
344 2838 438 2892 iuerat
450 2839 554 2892 fixurus
564 2847 682 2920 pectore
692 2839 760 2894 telo.
976 2878 979 2883 «

124 2900 178 2961 506
194 2905 292 2959 Arcuit
304 2908 496 2979 Omnipotens,
513 2917 674 2978 punterqne
687 2908 816 2978 ipsosque
826 2905 963 2980 nefasque

194 2975 323 3038 Sustulit3
341 2987 371 3029 et
382 2977 468 3030 celeri
480 2986 576 3046 raptos
588 2977 747 3048 perinanis
762 2985 847 3030 vento
886 2990 889 2996 ’

193 3044 329 3111 Imposuit
341 3045 430 3113 coelo,
447 3046 593 3117 vicinoque
606 3046 699 3099 sidera
711 3046 790 3100 fecit.

228 3114 363 3166 Intumuit
377 3118 455 3183 luno,
470 3125 622 3186 postquem
636 3114 816 3169 intercidere
828 3112 927 3184 pellex·

194 3178 294 3233 Fulcit:
312 3191 342 3234 et
355 3180 392 3235 etl
403 3200 503 3236 cenem
515 3183 658 3241 descendit
671 3185 701 3237 in
715 3200 839 3256 aequora
850 3182 969 3252 Tethyn,

113 3244 179 3304 -510
195 3249 391 3320 Oceanumque
407 3268 518 3318 seuem;
536 3270 658 3323 quorum
672 3255 832 3307 reverentie
844 3251 934 3306 movit

192 3314 281 3388 Saepe
296 3318 381 3381 deors
395 3337 565 3396 mutuaque
580 3322 643 3387 viee
655 3323 821 3379 sumtibus
829 3321 916 3376 infit:
963 3380 966 3385 ⁴
1043 3360 1049 3371 ι
