2350 3834
236 227 787 292 Marauoaruosuoutra.
814 230 861 288 vt
976 230 1038 294 103
1101 207 1104 212 ’

83 373 167 444 Spina
179 372 266 427 viret:
290 369 396 438 venter,
414 390 478 444 pars
498 375 623 428 marimo
638 375 773 446 carparis,
792 375 884 430 albeta
987 376 1040 435 380

81 445 250 513 Limcscqne
258 459 349 496 novae
363 443 467 495 saliunt
479 446 508 495 in
520 446 631 515 gurgite
644 462 739 498 ranae.

117 516 161 565 Sic
174 513 224 572 ubi
237 514 333 565 nescio
347 513 409 583 quis
425 514 510 581 Lycia
522 515 556 565 de
570 523 654 584 gente
670 515 797 569 virorum

82 582 188 636 Retulit
209 582 336 646 exitium3
361 584 451 652 Satyri
464 584 655 635 reminiscitur
666 583 746 652 alter,

83 655 173 716 Quem
189 651 351 703 Tritoniaca
363 654 465 703 Latous
480 653 616 704 arundine
628 653 736 706 victims

82 720 287 799 Affecitpcena.
312 720 384 784 Quid
397 737 444 772 me
457 721 788 793 mihidetrahisPinquit.
936 753 939 760 v
989 722 1040 782 885

81 791 136 842 Ab!
166 798 253 859 piget,
271 788 320 842 ahl
344 806 401 842 non
426 799 483 853 est,
502 790 653 856 clamabat,
669 792 741 843 tibia
754 791 841 845 tanti!

83 858 220 910 Clamanti
237 860 308 910 crans
321 868 363 911 est
381 876 503 911 summos
517 860 633 928 derepta
645 877 697 929 per
709 870 801 929 artus:
847 919 850 930 Ι

81 930 140 981 Nec
152 928 315 998 quidquam,
332 928 385 980 nisi
397 928 505 994 vulnus,
524 938 601 980 erat:
621 946 705 981 cruor
722 929 846 1000 undique
858 936 969 997 manat3

80 998 247 1077 Detectique
260 1005 359 1065 patent
374 998 463 1063 nervi,
491 998 673 1068 trepidaeque
684 999 742 1050 sine
760 998 819 1054 ulla

58 1096 60 1103 ·
81 1066 157 1119 Pelle
171 1075 277 1118 micant
285 1082 392 1129 senae3
409 1066 537 1118 salientia
548 1067 654 1119 discere
681 1068 748 1120 ossis
987 1067 1040 1124 890

81 1138 116 1187 Et
128 1135 303 1204 perlucentes
316 1151 465 1188 numerare
480 1136 510 1187 in
523 1146 641 1205 pectore
656 1085 753 1191 dbras.

81 1204 165 1256 Illum
177 1204 328 1271 ruricolae,
347 1206 481 1258 silvanim
495 1207 627 1270 numina,
646 1207 741 1268 Fauni,

81 1276 115 1326 Et
129 1273 346 1342 Satyri-fratres,
361 1284 390 1326 et
407 1284 475 1326 tunc
486 1285 598 1344 quoque
612 1275 704 1327 clarus
713 1275 745 1326 01
813 1292 857 1344 us,
908 1319 914 1328 .

75 1346 115 1394 Et
129 1343 274 1413 Nymphae
285 1343 404 1395 flerunt:
438 1353 467 1395 et
480 1345 603 1414 quisquis
621 1345 763 1396 montibus
775 1345 795 1396 il
807 1347 832 1398 is

80 1413 149 1465 tani
172 1428 289 1483 erosque
330 1430 403 1484 eges,
421 1423 607 1483 armentaque
617 1416 721 1467 bucera
733 1414 818 1483 parit.
958 1437 961 1444 ’
987 1412 1041 1470 895

79 1484 101 1534 F
103 1430 191 1533 ertiiis
202 1481 289 1533 imma
309 1482 358 1547 uit,
375 1482 590 1553 madefactaque
604 1492 680 1535 terra
697 1484 819 1537 caducas

80 1551 217 1619 Concepit
223 1550 363 1617 lacrimas,
381 1552 503 1604 screnis
518 1554 641 1621 perbibit
652 1553 725 1606 imis.

80 1623 156 1682 Quas
170 1620 220 1672 ubi
235 1620 305 1673 fecit
317 1638 334 1671 a
374 1637 429 1686 am,
445 1639 546 1672 vacuas
555 1623 647 1673 emisit
661 1623 691 1673 in
705 1637 795 1675 auras.

79 1689 149 1740 Inde
162 1698 260 1757 petens
271 1638 401 1758 rapidiim
407 1691 475 1758 ripis
489 1691 642 1742 declivibus
658 1707 773 1761 aequor,
850 1709 852 1712 ·

79 1759 191 1821 Marsya
203 1775 308 1810 nomen
320 1759 415 1825 habet,
437 1760 509 1827 Phry
531 1761 572 1811 'ae
589 1760 789 1830 liquidissimus
802 1760 901 1813 camis.
986 1756 1040 1815 4⁰⁰

25 1822 31 1850 “
113 1815 229 1879 Talibus
242 1828 381 1897 extemplo
397 1828 500 1881 redita
534 1830 692 1897 praesentia
713 1830 794 1882 dictis
827 1893 828 1900 ἵ

79 1897 201 1966 Vulgum
220 1906 248 1949 et
260 1897 413 1949 extinctum
428 1915 491 1949 oum
504 1898 590 1966 stirpe
602 1899 759 1966 Amphiona
767 1899 874 1968 lugent.

80 1968 172 2018 Mater
184 1965 213 2017 in
226 1966 333 2018 invidia
354 1975 403 2019 est.
438 1969 545 2018 Tamen
558 1968 631 2019 hanc
647 1984 759 2037 quoque
778 1967 882 2019 dicitur
899 1979 970 2018 unus

80 2035 173 2087 Flesse
184 2035 291 2104 Pelops,
309 2036 493 2105 humeroque,
517 2053 580 2087 suas
594 2037 629 2088 ad
640 2045 757 2104 pectora
767 2044 918 2106 postquam

80 2104 201 2156 Deduxit
220 2113 317 2169 vestes,
335 2105 406 2157 ebur
418 2104 571 2157 ostendisse
586 2105 708 2159 sinistro.
987 2100 1039 2157 405

81 2173 222 2226 Concolor
232 2174 279 2225 hio
292 2173 433 2236 humerus,
451 2174 583 2226 nascendi
594 2183 731 2243 tempore,
756 2173 862 2242 dextro,

69 2243 367 2313 Corporeusqueduit.
402 2244 529 2295 Manibus
547 2261 611 2295 mcx
630 2261 712 2297 caesa
726 2244 850 2314 paternis

83 2312 207 2364 Membra
221 2313 319 2364 ferunt
331 2312 450 2364 iunxisse
469 2313 548 2376 deos3
574 2313 691 2384 aliisque
703 2313 832 2383 repertis,
892 2375 895 2386 γ

85 2380 137 2442 Qui
147 2380 227 2434 locus
244 2390 285 2433 est
297 2382 384 2451 iuguli
397 2383 513 2448 medius,
530 2383 688 2452 neminique
699 2381 808 2450 lacerti,
995 2433 998 2442 ,

84 2449 185 2502 Defuit.
220 2452 384 2519 Impositum
406 2461 515 2503 estnon
530 2453 719 2520 comparentis
735 2454 764 2503 in
784 2465 867 2504 usum
986 2445 1040 2504 410

84 2517 169 2569 Partis
183 2519 268 2573 ebur:
286 2520 420 2589 factoque
432 2520 527 2588 Pelops
542 2520 596 2572 fuit
609 2521 717 2590 integer
725 2520 784 2574 illo.

35 2629 37 2632 .
119 2587 239 2640 Finitimi
249 2605 380 2659 proceres
392 2593 509 2641 meunt:
528 2589 665 2659 urbesque
681 2589 857 2660 propinquae

87 2656 202 2710 (trevere
216 2674 280 2710 suos
297 2658 339 2710 ire
352 2658 388 2710 ad
400 2660 500 2709 solatia
513 2673 605 2727 reges,

86 2727 233 2797 Argosque,
257 2735 285 2779 et
296 2731 403 2795 Sparte,
422 2726 654 2796 Pelopeiadesque
667 2727 810 2795 Mycenae,

86 2792 120 2843 Et
131 2796 255 2847 noudum
267 2805 364 2848 torvae
378 2795 500 2865 Calydon
514 2796 600 2847 invisa
614 2797 726 2861 Dianae,
985 2792 1038 2857 415

87 2862 273 2917 Orchomenos
314 2882 329 2917 e
344 2865 433 2929 ferax,
452 2874 480 2917 et
497 2865 599 2917 nobilis
613 2882 677 2917 aere
697 2862 852 2930 Corinthos,

86 2930 262 3004 Messeneque
287 2951 363 2999 eros,
394 2937 556 3004 Patraeque,
585 2934 762 3003 humilesque
771 2934 902 3002 Cleonae,

86 2999 120 3050 Et
140 3004 225 3055 Nelea
238 3003 327 3071 Pylos,
344 3019 437 3074 neque
449 3004 540 3056 adhuc
560 3004 679 3056 Pittheia
696 3006 829 3068 Troezen,

89 3069 215 3141 Quaeque
225 3074 310 3124 urbes
322 3073 392 3124 aliae
404 3073 503 3125 bimari
519 3074 688 3125 clauduntur
704 3073 740 3125 ab
757 3073 873 3141 isthmo,

87 3136 261 3211 Extariusque
276 3142 343 3194 sitae
356 3143 456 3194 bimari
470 3152 632 3211 spectantur
644 3143 802 3195 ablsthmo.

89 3205 202 3262 Credere
253 3211 276 3261 is
288 3213 396 3279 possit?
430 3212 505 3263 solae
525 3211 650 3264 cessastis
662 3212 801 3264 ,Athenae

88 3273 221 3330 Obstititc
254 3281 299 3342 cio
312 3279 429 3342 ballum,
453 3281 642 3350 subvectaque
655 3289 742 3349 ponto

87 3342 205 3401 Barbara
215 3350 375 3420 Mopsopios
385 3350 529 3410 terrebant
545 3351 660 3423 agmina
674 3362 780 3402 malros
