2350 3834
156 226 219 294 156
423 228 455 281 ι’.
477 209 632 280 omitt
651 222 842 282 nnsouts

155 378 206 434 160
222 374 347 444 Vinaque
363 388 536 425 marmoreas
548 378 648 440 patere
658 367 796 422 fundebat
807 368 836 421 in
847 384 927 425 arare

221 444 342 498 Incaluit
353 444 393 494 vis
405 442 454 494 illa
465 441 547 503 mali;
578 439 757 509 resolutaque
771 439 893 493 flammis

221 513 373 568 Herculeos
390 512 466 574 abiit,
489 512 546 561 late
559 509 669 573 diffusa,
686 525 737 577 per
749 517 834 560 artus,

222 586 295 635 Dum
310 581 412 650 potuit,
425 580 512 642 ¹solita
526 579 662 650 gemitum
671 578 775 630 virtute
788 576 928 647 repressit.

219 652 301 704 Victa
315 651 395 702 malis
415 658 564 719 postquam
574 647 717 717 patientia,
734 647 839 715 repulit
854 663 927 715 aras,

153 719 203 776 165
220 720 403 790 implevitque
415 720 469 770 suis
483 734 664 786 nemorosum
678 717 792 768 vocibus
804 723 902 768 Oeten.

220 791 278 842 Nec
293 806 387 852 mora;
413 788 554 840 letiferam
568 795 686 838 conatur
696 787 821 838 scindere
835 794 956 851 vestem5
1028 827 1035 838 .

222 862 282 922 Qua
294 858 424 922 trabitur,
441 857 528 908 trahit
546 856 596 907 illa
614 863 722 918 cutem3
746 854 925 924 foedumque
933 854 1031 921 relatu,

219 932 274 979 Aut
287 928 384 980 haeret
400 927 533 979 membris
544 925 649 977 frustra
662 932 769 976 tentate
778 923 883 992 revelli,

219 1002 275 1049 Aut
285 997 394 1049 laceros
413 1005 499 1059 artus,
518 1003 546 1047 et
559 993 676 1065 grandia
690 993 795 1064 detegit
811 1009 880 1045 ossa.

151 1066 203 1119 170
220 1069 280 1135 Ipse
294 1083 387 1133 cruor,
404 1066 497 1136 gelido
512 1081 565 1116 ceu
579 1063 724 1132 quondam
739 1062 844 1114 lamina
855 1060 977 1132 candens

221 1136 320 1188 {tincta
333 1136 406 1201 lacu,
425 1134 523 1198 stridit,
543 1134 728 1201 coquiturque
740 1132 856 1190 ardente
869 1147 987 1184 veneno.

217 1208 276 1257 Nec
293 1204 393 1257 modus
407 1213 461 1255 est:
485 1202 599 1254 sorbent
611 1201 708 1252 avidae
717 1199 885 1269 praecordia
894 1201 1044 1253 flammaret

219 1274 423 1343 Geerulemque
436 1272 502 1324 fluit
519 1279 582 1330 toto
598 1271 632 1322 de
643 1286 763 1339 corpore
774 1269 875 1322 sudor:

194 1385 198 1391 ,
218 1343 400 1412 ambustique
417 1350 517 1392 sonant
530 1340 623 1391 nervi:
649 1356 790 1408 caecaque
802 1338 936 1390 medullis

150 1409 201 1464 175
217 1412 293 1464 Tabe
304 1410 473 1480 liquefactis,
488 1408 606 1460 tendens
618 1408 654 1460 ad
667 1408 759 1460 sidera
771 1407 887 1475 palmas,

151 1536 161 1553 Ι
219 1480 356 1546 Cladibus,
374 1478 520 1544 exclamat,
537 1478 673 1541 Saturnia,
695 1477 941 1545 pascerenonris:

196 1568 199 1572 ’
217 1552 342 1616 Pascere‚
361 1556 389 1601 et
401 1548 473 1600 hanc
488 1556 593 1615 pestem
608 1555 714 1615 specta,
731 1545 862 1609 crudelis,
880 1546 916 1598 ab
934 1544 1003 1615 alto,

218 1621 327 1688 Corque
339 1618 434 1670 ferum
447 1617 532 1679 satia3
554 1616 600 1667 rel
613 1616 636 1666 si
649 1614 823 1667 miserandus
834 1624 863 1667 et
879 1614 963 1680 hosti,

218 1688 310 1740 Hostis
322 1689 397 1740 enim
416 1687 469 1739 tibi
484 1703 555 1752 sum,
574 1686 640 1737 diris
659 1685 828 1737 cruciatibus
845 1699 970 1756 aegra-m,

149 1758 201 1812 180
218 1757 337 1809 Invisum
358 1774 392 1809 ue
407 1757 542 1821 animam,
564 1764 716 1823 natamque
731 1754 883 1818 laboribus,
903 1753 994 1808 aufer.

217 1830 292 1879 Mors
307 1826 346 1880 mi
366 1826 376 1877 i
390 1842 491 1877 munus
506 1825 573 1877 erit:
601 1824 682 1875 decet
693 1824 763 1875 haec
780 1819 846 1875 dare
859 1823 933 1875 dona
943 1835 1095 1876 novercam·

216 1898 290 1966 Ergo
305 1913 357 1967 ego
372 1894 535 1947 foedantem
546 1892 696 1963 peregrino
709 1892 815 1962 templa
830 1909 931 1944 cruore
1012 1941 1013 1948 ,

215 1965 325 2017 busirin
339 1964 455 2017 domui?
478 1978 616 2032 saevoque
633 1962 768 2016 alimenta
778 1961 901 2030 parentis

170 2033 185 2082 .’
217 2041 321 2087 Antaeo
337 2032 446 2102 eripui?
471 2050 523 2084 nec
536 2048 583 2083 me
594 2031 714 2102 pastoris
728 2031 802 2082 lberi

148 2100 199 2158 185
215 2107 317 2156 Forma
329 2102 447 2172 triplex,
464 2119 518 2153 nec
532 2101 626 2152 forma
636 2099 738 2180 triplex
749 2108 808 2164 tua,
829 2098 959 2167 Cerbero,
976 2097 1083 2154 morit?

214 2175 315 2236 Vosne,
332 2189 442 2234 manus,
460 2169 545 2221 validi
562 2169 697 2237 pressistis
710 2186 817 2221 cornua
828 2167 922 2221 teurif

214 2243 346 2298 Vestrum
358 2257 429 2309 opus
440 2240 495 2290 alis
510 2238 606 2307 babet,
623 2246 747 2290 vestrum
760 2234 965 2308 Stymphalides
979 2239 1077 2306 undae,

213 2309 452 2390 Partheniumque
468 2310 587 2360 nemus?
617 2313 710 2359 vestra
719 2308 824 2370 virtute
834 2307 939 2360 relatus
1000 2339 1005 2344 ·

213 2378 468 2432 Thermodontiaco
486 2377 609 2428 caelatus
622 2376 733 2429 balteus
748 2393 826 2441 auro,

147 2444 198 2501 190
213 2451 356 2529 Pomaque
369 2448 404 2499 ab
418 2446 539 2506 insomni
551 2445 625 2497 male
640 2445 778 2497 custodita
789 2444 933 2498 macone?

214 2518 351 2572 Necmrhi
363 2516 493 2569 Centauri
504 2524 624 2585 potuere
635 2514 774 2582 maistans,
790 2532 844 2568 nec
855 2520 900 2567 mi'
954 2563 957 2567 .

214 2587 352 2639 Arcadiae
363 2594 487 2638 vastator
498 2586 584 2654 aper?
599 2601 653 2637 nac
662 2584 773 2654 profuit
785 2585 896 2654 Hydrae
997 2601 1001 2614 ¹

186 2667 196 2726 J
214 2658 345 2709 Crescere
355 2673 407 2725 per
424 2655 569 2720 damnum,
584 2653 765 2725 geminasque
779 2667 922 2707 resumere
934 2651 1029 2707 vires?

215 2725 305 2788 Quid?
335 2742 401 2778 cum
415 2725 536 2777 'Pbracas
551 2739 646 2793 equos,
664 2723 787 2776 humano
803 2740 852 2776 ssu
892 2721 939 2774 ise
952 2722 1075 2794 pingues,

146 2787 197 2845 195
214 2795 353 2864 Plenaque
373 2792 648 2874 corporibnslaceris
658 2791 803 2862 praesepia
815 2792 845 2845 vi
866 2792 883 2856 ⁴,
1142 2799 1143 2804 ’

212 2865 279 2918 Visa
299 2880 334 2916 ue
347 2863 445 2931 deieci,
463 2862 672 2931 dominumque,
689 2861 820 2930 ipsosque
833 2860 965 2931 peremi?

214 2933 262 2985 His
275 2882 341 2985 elisa
355 2931 429 2984 iacet
440 2931 528 2983 moles
542 2933 683 2983 Nemeaea
694 2930 825 2982 lacertis?
942 2985 946 2996 Ι

213 3005 272 3054 Hac
286 3000 398 3054 coelum
416 3001 525 3052 cervice
537 2999 612 3053 tuli?
635 2998 745 3051 Defessa
757 2999 880 3054 iubendo
895 3007 938 3051 ast

213 3075 302 3123 Saeva
313 3068 384 3122 loris
397 3069 512 3132 conium
539 3085 592 3140 ego
609 3086 671 3121 sum
682 3067 836 3121 indefessus
847 3068 966 3140 agendo.

143 3135 198 3194 Μ
214 3139 268 3193 Sed
279 3155 352 3191 nova
364 3138 448 3207 pestis
463 3138 553 3190 adest:
586 3138 633 3190 cui
645 3153 698 3189 nec
712 3137 815 3190 virtute
834 3137 935 3204 resisti,

213 3211 273 3261 Nec
283 3207 346 3259 telis
361 3205 478 3259 armisve
492 3216 594 3276 potest.
629 3206 810 3259 Pulmonibus
818 3215 893 3259 errat

213 3277 287 3347 Ignis
302 3275 371 3327 edax
385 3276 456 3340 imis,
481 3293 587 3345 perque
601 3292 698 3328 omnes
712 3277 837 3357 pascitur
850 3284 935 3328 artus.

213 3352 251 3397 At
262 3344 336 3400 valet
348 3345 527 3415 Eurystheus:
545 3353 575 3397 et
585 3354 658 3414 sunt,
677 3361 728 3417 qur
738 3345 854 3399 credere
859 3344 973 3416 possint
