2350 3834
229 237 690 296 METAMORPHOSEON
709 241 793 295 tm.
813 244 888 301 xm.
972 242 1036 312 ass

76 387 216 443 Matribus
229 385 375 439 ostendens
385 383 496 452 Idracis,
514 387 590 437 Haec
605 385 733 439 Hectoris
743 386 793 440 illa
805 399 848 444 est

79 460 162 512 Clara
174 473 284 527 parens,
301 456 371 508 haec
384 463 433 522 est,
452 454 535 522 dicet,
552 455 689 507 Priameia
705 457 814 513 coniux.

44 530 48 539 '
77 530 199 597 Postque
211 534 254 578 tot
267 526 379 578 amusos
388 534 420 576 tu
433 541 518 591 nunc,
538 541 611 594 quae
625 527 687 577 sola
699 525 814 580 levabas

78 600 221 650 Maternos
233 595 334 660 luctus,
350 594 465 646 hostilia
479 594 560 646 busta
574 595 664 663 piasti.

77 666 196 720 Inferias
209 664 282 716 hosti
295 665 400 733 peperi.
424 666 486 726 Quo
498 663 594 715 ferrea
605 663 700 716 resto?

79 735 189 800 Quidve
204 734 320 785 moror?
339 750 394 802 quo
409 749 455 784 me
466 749 566 797 servas,
586 733 719 785 damnosa
730 736 877 788 senectus?

80 804 163 869 Quid,
183 804 212 855 dt
228 801 364 868 crudeles,
379 801 435 853 nisi
445 818 501 922 quo
518 818 592 854 nova
605 802 708 855 funera
719 820 842 872 censam,

79 874 213 927 Vivacem
230 871 347 924 differtis
359 873 457 923 anum‘
482 872 544 940 quis
558 888 640 940 posse
653 880 766 940 putaret

79 943 204 998 Felicem
218 942 369 1005 Priamum,
384 949 448 1009 post
460 940 553 992 diruta
564 943 709 1011 Pergama,
727 939 805 993 dici?

79 1013 156 1067 Felix
172 1019 265 1063 morte
280 1027 333 1062 sua
344 1027 397 1061 nec
411 1020 448 1074 te,
465 1026 530 1061 mea
540 1019 616 1076 nats,
635 1017 794 1078 peremtam

79 1081 216 1151 Adspicit,
234 1088 262 1130 et
273 1079 360 1131 vitam
373 1079 478 1148 pariter
490 1095 666 1149 regnumque
679 1078 803 1148 reliquit.

79 1157 124 1217 At,
143 1158 221 1219 puto,
238 1149 383 1204 funeribus
400 1148 542 1214 dotabere,
559 1150 638 1219 regia
650 1149 739 1219 virgo,

83 1220 282 1288 Condeturque
301 1227 384 1270 tuum
399 1218 588 1270 monumentis
602 1235 703 1286 corpus
717 1218 805 1272 avitis.

79 1293 145 1344 Non
159 1288 230 1340 haec
243 1295 284 1339 est
296 1290 419 1339 Fortuna
431 1286 540 1341 domus.
572 1287 637 1338 Tibi
646 1304 765 1339 munera
778 1288 878 1340 matris

80 1358 250 1428 Contmgent
258 1357 352 1423 fletus,
370 1356 592 1426 peregrinaeque
604 1356 717 1411 haustus
730 1374 840 1412 arenae.

81 1427 184 1479 Omnia
194 1426 380 1495 perdidimus:
399 1434 533 1494 superest,
548 1443 602 1478 cur
611 1426 704 1478 vivere
719 1436 832 1497 tempus

80 1501 112 1550 In
128 1499 215 1549 breve
227 1496 387 1557 sustineam,
406 1494 499 1564 proles
515 1495 671 1565 gratissima
683 1496 777 1561 matri,

80 1569 163 1620 Nunc
178 1565 262 1630 solus,
281 1564 422 1634 quondam
435 1564 566 1616 minimus
580 1564 615 1615 de
629 1565 717 1632 stirpe
730 1562 811 1633 virili,

80 1638 138 1690 Has
154 1634 236 1686 datus
248 1634 365 1686 Ismario
378 1633 438 1704 regi
447 1633 600 1700 Polydorus
612 1633 642 1683 in
653 1650 725 1686 oras.

81 1705 157 1770 Quid
170 1720 268 1755 moror
278 1704 386 1755 interea
398 1701 522 1754 crudelia
532 1702 650 1753 vulnera
664 1702 786 1771 lymphis

81 1773 214 1835 abluere,
232 1781 260 1823 et
271 1789 382 1840 sparsos
395 1771 497 1823 immiti
508 1773 644 1841 sauguine
657 1771 769 1825 vultus?

80 1843 174 1896 Dixit:
193 1839 263 1894 et'ad
274 1841 353 1893 littus
366 1838 600 1911 passuvprucessit
613 1840 689 1907 anili,

81 1912 216 1966 albentes
228 1910 333 1965 laniata
345 1927 449 1964 eomas.
484 1912 565 1974 Date,
581 1909 715 1974 Troades,
721 1925 831 1977 mnam,

82 1982 199 2035 Dixerat
209 1980 317 2047 infelix,
334 1979 453 2049 liquidas
467 1979 593 2031 hauriret
603 1987 635 2029 ut
648 1979 751 2032 undas:
811 2018 815 2025 ,

82 2049 210 2119 Adspicit
221 2049 343 2101 eiectum
355 2047 486 2126 Polydori
497 2048 528 2103 in
540 2047 636 2099 littore
650 2065 761 2118 corpus,

82 2122 226 2188 Factaque
239 2117 375 2170 Threiciis
391 2118 401 2170 i
442 2116 516 2170 entia
527 2117 644 2169 vulnera
653 2117 725 2171 telis.

83 2187 394 2242 troadesexclamant:
412 2204 428 2239 o
450 2185 611 2239 mutuitilla
624 2186 738 2252 dolore3

84 2261 119 2311 Et
130 2257 238 2326 pariter
248 2273 358 2323 vocem,
373 2255 561 2326 lacrimasque
571 2255 708 2307 introrsus
721 2255 835 2309 obortas
849 2304 855 2311 .

84 2329 208 2380 Devorat
219 2325 278 2394 ipse
292 2325 382 2392 dolor,
399 2325 525 2395 duroque
537 2324 680 2377 simillima
691 2342 757 2377 sexo

85 2398 200 2464 Torpet,
219 2403 247 2446 et
256 2394 371 2447 adversa
382 2395 447 2465 figit
460 2394 546 2447 modu
562 2394 669 2446 lumina
681 2402 774 2447 terras

85 2464 233 2518 Interdum
243 2471 338 2517 torvos
352 2464 471 2516 sustollit
485 2464 520 2516 ad
535 2463 650 2515 aethera
664 2463 769 2515 vultus:

85 2537 168 2587 Nunc
181 2533 262 2602 positi
273 2541 382 2601 spectat
395 2532 515 2599 vultum,
532 2549 607 2584 nunc
619 2532 736 2584 vulnera
747 2532 816 2599 nati,

85 2602 211 2656 Vulnera
224 2602 389 2671 praecipue:
407 2618 492 2670 seque
507 2610 599 2653 armat
613 2609 642 2652 et
653 2600 764 2652 instruit
776 2601 829 2654 ira.

87 2675 152 2736 Qua
164 2671 248 2722 simul
262 2671 371 2738 exarsit,
389 2679 525 2739 tanquam
537 2671 634 2740 regina
647 2677 785 2736 maneret,
993 2670 1044 2729 645

87 2739 194 2794 Ulcisci
209 2740 316 2806 statuit,
329 2756 492 2809 poenaeque
507 2722 537 2791 iit
551 2739 673 2809 imagine
686 2747 749 2791 tota
763 2748 815 2795 est.

87 2814 182 2880 thue
193 2808 265 2867 furit
278 2809 372 2861 catulo
385 2808 507 2861 lactente
523 2809 624 2861 orbata
634 2808 747 2873 leaena3

86 2879 230 2950 Signaque
237 2874 324 2932 'nacta
337 2878 441 2947 pedum
453 2877 587 2946 sequitur,
605 2895 689 2948 quem
704 2894 761 2929 uon
773 2875 860 2945 videt,
877 2877 1003 2942 hostem3

87 2950 135 3001 Sic
146 2947 271 3014 Hecube,
289 2957 438 3017 postquam
451 2964 516 2999 cum
528 2947 608 2999 luctu
622 2947 734 3000 miscuit
744 2947 826 3013 uam,

87 3019 154 3071 Non
168 3017 255 3069 oblita
271 3016 439 3082 aniruorum,
456 3032 595 3068 annorum
607 3015 696 3069 oblita
710 3033 835 3084 suorum,
992 3017 1045 3072 550
1082 3048 1084 3053 f

87 3085 174 3138 Vadit
187 3086 223 3137 ad
237 3085 373 3138 artificem
390 3087 474 3151 dirae,
491 3085 690 3154 Polymestore,
709 3085 816 3139 caedist
882 3118 887 3129 ι

89 3155 171 3207 Collo
193 3155 326 3233 uiuasque
338 3156 420 3224 petit:
439 3171 506 3207 nam
519 3171 548 3207 se
562 3164 719 3213 monstrare
732 3154 863 3207 relictum

88 3173 271 3277 Vellelatens
283 3222 333 3289 illi,
353 3224 428 3294 quod
442 3233 510 3277 nato
523 3224 664 3291 redderet,
683 3241 792 3276 aurum.

90 3291 360 3359 CrediditOdrisius,
380 3294 554 3362 praedaeque
573 3302 696 3345 assuetus
709 3307 816 3346 amore.
933 3334 935 3339 ,

89 3365 124 3416 In
137 3369 248 3416 secreta
260 3361 351 3430 senit3
369 3379 435 3419 eum
444 3361 548 3436 blando
561 3362 678 3419 callidus
694 3377 751 3429 ore,
992 3358 1044 3414 555
