2350 3834
118 196 140 299 d
283 228 286 233 ⁴
378 236 408 290 P.
430 230 586 288 OVIDII
606 230 802 288 NASONIS

186 378 329 434 Proximus
344 377 781 449 eoaertmterttate,·tteoqaes
819 388 825 393 '

110 452 113 455 ’
186 449 470 519 ῌεηείοτ,1ιὶρ,ῐ911μς,
489 450 682 520 elementaque
695 448 812 520 grandia
822 448 923 516 traxit3

117 508 160 587 δὀἱ
174 521 379 601 :Etpressaest
418 516 593 584 ‘aritinesui
629 518 812 572 circumfluus
827 519 932 574 humor

152 604 161 623 ⁰
179 588 381 657 ‘llltima‘pbsse
402 592 441 651 rt,'
451 587 628 663 adlidumque
640 587 765 640 co'e'rcuit
779 588 886 643 orbem.

92 692 100 710 .
181 688 204 727 ,ι
221 656 652 730 sic‚ubi·diqpoqitum,'quisquis
666 657 720 708 fuit
733 656 782 710 ille
796 657 924 726 deorum,

131 728 140 771 ἶ
157 720 361 800 ἱεΰοὶιξςζϋηις
366 726 465 794 sectatu
472 726 644 795 -seete‘mque
656 725 687 778 in
698 727 827 779 membra
839 728 963 800 redegit3

75 795 82 809 '
114 792 139 807 ‘⁴
158 787 166 803 ¹
186 783 325 863 Principio
337 804 453 862 terram,
469 812 506 848 ne
518 812 577 848 non
590 795 712 867 aequalis
726 795 760 847 ab
773 796 852 848 omni

118 865 152 922 85
187 866 269 916 Parte
282 864 366 931 forat,
383 865 479 936 magni
491 864 616 935 speciem
626 865 930 936 glomemtrinortis.
1027 889 1029 897 ’

186 937 260 986 Tum
271 933 346 986 freta
359 930 661 1004 diffundi,·ralridisque
667 936 831 987 tumescere
842 932 931 988 reati·

188 1003 278 1070 tussit,
295 1013 324 1056 et
336 1003 457 1057 ambitae
469 1003 647 1081 circumdare
659 1004 756 1063 littora
768 1013 870 1067 tarrae.
924 1050 926 1055 .
983 1056 986 1069 ,

126 1106 131 1115 ·
187 1070 300 1125 uuida
315 1073 455 1139 dianus,
463 1070 664 1141 inmersaque
676 1072 788 1144 stigias,
800 1073 965 1144 lacusqlet.
1056 1074 1059 1077 ’

187 1141 373 1211 Fluminaque
385 1141 506 1212 obliquis
520 1142 607 1197 cinxit
620 1142 738 1195 declivia
750 1142 834 1211 ripis:

118 1209 155 1267 40
190 1214 276 1276 Quae,
295 1211 402 1262 diversa
415 1210 496 1277 locis,
513 1212 617 1283 pertin
631 1211 781 1283 sorberrtor
794 1213 829 1263 ah
841 1211 916 1280 ipsa;

107 1330 114 1339 ,
188 1283 220 1331 In
233 1296 311 1331 mare
325 1278 490 1348 perveniunt
502 1279 613 1348 partim,
630 1297 788 1349 campoque
802 1288 917 1351 recepta

188 1348 342 1401 Liberioris
353 1365 451 1416 aquae,
469 1365 520 1417 pro
535 1348 604 1418 ripis
618 1348 714 1400 littora
728 1349 848 1418 pulsant.

188 1417 269 1472 lussit
285 1426 313 1469 et
328 1416 439 1468 extendi
454 1428 582 1485 campet,-
592 1417 735 1470 sabama
748 1417 842 1470 valles.

189 1485 298 1538 Fronde
312 1486 369 1556 tegi
380 1486 471 1550 silvas,
489 1486 630 1555 lapidosos
643 1503 690 1538 sur
710 1503 758 1539 ere
769 1495 888 1541 montes.

119 1553 154 1610 45
190 1559 281 1624 thue
298 1553 369 1625 duae
381 1554 480 1611 dextra
490 1556 611 1624 caelum,
626 1556 680 1609 toti
749 1556 928 1626 neruum
976 1611 979 1618 ,

187 1626 269 1676 Parte
278 1632 375 1679 secant
385 1627 487 1691 Zouac,
505 1625 602 1696 quinta
615 1634 657 1679 est
675 1643 707 1677 ar
727 1625 817 1677 entier
827 1624 897 1692 illia

190 1694 234 1745 Sic
248 1708 317 1745 onus
329 1692 469 1749 inclinum
481 1712 599 1748 numero
614 1692 736 1747 distinxit
748 1695 849 1747 ecdem
864 1722 866 1727 >
909 1738 912 1743 .

189 1764 260 1815 Cura
273 1762 333 1817 dei:
350 1762 525 1842 totidemque
540 1762 640 1832 plagae
651 1764 752 1817 tellure
766 1772 943 1843 premuntur.

120 1880 130 1901 .,
188 1835 315 1901 Quarum
328 1848 399 1902 quae
413 1830 568 1898 mediaest,
586 1849 644 1883 non
658 1839 700 1882 est
711 1830 871 1884 habitabilis
886 1841 980 1886 aestu:

121 1901 155 1956 5⁰
187 1902 240 1954 Nix
255 1901 326 1971 tegit
338 1896 395 1952 alta
407 1901 490 1957 duas:
508 1898 630 1955 totidem
640 1899 715 1952 inter
725 1910 874 1971 utramque
889 1899 1007 1968 locauit,
1069 1931 1074 1941 ·

187 1970 419 2051 Temperiemque
433 1969 518 2036 dedit,
536 1969 622 2025 mista
635 1987 701 2023 cum
714 1968 821 2041 frigore
835 1970 960 2026 flamna
1069 2026 1073 2035 ,

188 2043 322 2097 Imminet
331 2039 374 2092 his
386 2044 443 2107 a‘e'r,
461 2037 519 2110 qui,
538 2048 642 2110 quanto
655 2048 697 2092 est
710 2038 834 2109 pondere
844 2049 939 2093 terrae

187 2108 299 2162 Pondus
313 2126 330 2160 a
369 2125 404 2163 ae
413 2108 511 2175 levius,
527 2118 606 2171 tauto
620 2116 662 2159 est
673 2108 819 2161 onerosior
829 2107 898 2181 igni.

187 2178 249 2231 Illic
261 2187 289 2230 et
300 2195 336 2230 ne
357 2177 426 2244 ulas,
443 2176 504 2243 illic
515 2177 667 2233 consistere
680 2174 767 2231 nubes

121 2250 154 2306 55
188 2247 277 2313 Iussit,
296 2255 324 2299 et
336 2247 473 2301 humanas
484 2256 597 2301 motura
607 2246 732 2299 tonitrua
746 2255 865 2312 mentes,

188 2318 299 2368 Etcum
318 2314 482 2371 fulminibus
494 2314 629 2369 facientes
645 2315 681 2367 fri
703 2333 753 2369 ora
766 2314 872 2381 ventos.

188 2384 238 2438 His
250 2401 362 2454 quoque
373 2402 430 2459 non
444 2385 549 2454 passim
563 2384 662 2437 mundi
678 2334 833 2440 dibricator
843 2383 1004 2441 habendum

189 2457 261 2506 Adra
273 2454 409 2522 permisit.
432 2454 484 2507 Vix
498 2472 573 2509 nunc
586 2454 727 2509 absistitur
738 2454 803 2523 illis,

190 2525 259 2574 Cum
271 2539 321 2574 sua
335 2524 450 2593 quisque
463 2533 564 2595 regant
576 2523 685 2576 diverso
698 2525 813 2576 flamina
824 2531 927 2589 tractu,
1067 2584 1072 2591 1

121 2597 156 2651 60
190 2592 264 2656 Quin
277 2590 385 2644 lanient
399 2591 550 2650 mundumt
567 2601 648 2647 tanta
660 2601 701 2645 est
716 2591 853 2645 discordia
864 2590 1003 2646 fratrum!

188 2663 275 2713 Eurus
287 2660 323 2712 ad
336 2666 483 2731 Auroram,
500 2663 697 2731 Nabataeaque
709 2679 796 2732 regna
811 2661 934 2729 recessit,

187 2729 364 2800 Persidaque,
375 2738 412 2787 ,et
423 2730 509 2785 radiis
519 2733 586 2802 iuga
597 2731 707 2791 subdita
720 2730 871 2791 matutinis.

188 2800 300 2868 Vesper,
320 2805 348 2850 et
362 2800 479 2851 occiduo
495 2817 566 2871 quae
578 2798 676 2853 littora
690 2799 748 2853 sole
761 2807 916 2869 tepescunt,

122 2928 125 2935 ¹
149 2930 154 2937 .
187 2869 317 2921 Proxima
331 2877 395 2921 sunt
411 2868 553 2938 Zephyro:
572 2870 713 2938 Scythiam
725 2873 758 2923 Se
778 2877 894 2939 temque
906 2866 1032 2924 trionem

120 2932 154 2996 65
187 2937 318 2989 Horrifer
331 2935 432 2990 invasit
444 2941 559 2993 Boreas:
579 2936 721 2991 contraria
736 2887 819 2989 tedlus

187 3007 319 3059 Nubibus<
328 3006 442 3059 assiduis
455 3007 607 3078 pluvioque
619 3007 755 3063 madescit
768 3007 804 3058 ab
817 3010 928 3063 Aureo.

187 3078 264 3128 Haec
278 3076 505 3146 superimposuit
517 3076 666 3146 liquidum,
685 3085 713 3128 et
727 3074 1032 3149 gravitatecarentem,

52 3208 55 3214 Ι
187 3145 318 3210 Aethera,
335 3162 388 3197 nec
401 3145 555 3216 quidquam
570 3155 697 3201 terrenae
707 3145 792 3199 faecis
805 3146 968 3203 habentem.

74 3236 85 3247 -
124 3240 128 3245 =
148 3246 154 3281 :
187 3213 239 3265 Vir
251 3230 284 3265 ea
297 3207 430 3267 limitibus
441 3214 606 3285 dissaepserat
617 3215 713 3271 omnia
725 3215 820 3283 certis,

120 3266 155 3337 70
188 3284 266 3348 Cum,
284 3299 355 3352 quae
369 3300 463 3352 pressa
472 3284 525 3345 >diu
538 3301 628 3336 massa
640 3283 748 3337 latuere
758 3285 809 3336 suh
822 3281 883 3353 illa,

187 3351 286 3409 Sidera
299 3363 455 3423 coeperunt
467 3362 528 3408 toto
541 3352 724 3411 effervescere
738 3353 827 3419 coelo.
