2350 3834
291 199 744 269 Marauoarttotaou
765 188 848 254 tie.
869 205 891 255 1.
1028 202 1068 262 17
1102 268 1107 283 x

16 394 17 397 ,
103 342 254 410 occuluit,
271 344 544 417 tenuitquafugam,
559 344 711 416 rapuitque
723 316 871 416 pudorem.
1014 348 1067 405 600

103 413 425 483 Interea-mediosluno
441 413 564 485 desperit
575 415 606 467 in
674 432 720 468 os:

102 482 139 534 Et
148 481 242 535 noctis
253 483 358 536 faciem
369 483 484 541 nebulas
496 485 595 539 fecisse
611 433 741 539 auditores

103 552 163 605 Sub
177 551 268 620 nitido
278 553 384 609 mirata
399 553 459 617 die;
476 573 534 606 non
548 554 672 609 fluminis
683 554 746 607 illas
805 614 808 620 ,

16 670 17 679 2
103 622 185 685 Esse,
202 637 258 675 nec
271 621 400 679 humenti
413 624 497 677 sentit
510 624 612 677 tellure
624 622 745 675 remitti:

16 694 18 747 t
103 694 212 759 Atque,
230 707 295 742 suus
309 691 410 743 coniux
423 691 533 760 ubisit,
551 691 758 763 circumspicit3
777 698 893 763 atquae
1014 692 1065 748 605

103 760 243 828 Deprensi
255 759 337 813 toties
354 761 413 812 iam
422 772 517 815 nosset
527 762 605 827 furta
617 761 720 815 mariti.
820 818 821 821 Ἴ

104 831 199 892 Quem
211 837 361 899 postquam
374 830 453 885 coelo
467 849 526 883 non
536 831 656 901 reperit;
674 836 727 883 Aut
740 845 792 901 ego
806 828 901 894 fallor,
961 828 965 835 “

103 902 160 953 Aut
173 914 226 977 epo
238 897 351 978 laedor,
369 899 423 961 ait;
442 899 611 970 delapsaque
627 901 665 953 ab'
675 899 788 953 aethere
801 915 911 951 summo
969 974 973 979 A

16 992 17 999 κ
104 967 236 1018 Conantit
249 984 278 1018 m
289 968 388 1034 terris,
403 969 577 1045 nebulasque
591 969 726 1031 recedere
738 967 827 1021 iussit.

105 1034 237 1106 Coniugis
250 1036 402 1099 adveutum
412 1048 622 1108 praesenserat,
639 1038 724 1108 inque
742 1035 879 1087 nitentem
1016 1038 1068 1094 610

104 1104 253 1158 Inachidos
266 1105 357 1158 vultus
370 1115 529 1161 mutaverat
540 1108 588 1160 ille
599 1106 756 1172 iuvencam,

103 1177 158 1226 Bos
169 1191 283 1244 quoque
296 1175 422 1235 formosa
440 1185 490 1231 est.
526 1175 655 1247 Speciem
665 1173 793 1228 Saturnia
805 1190 918 1241 vaccae,

105 1247 286 1325 Quamquam
297 1244 396 1312 invita,
415 1246 530 1316 probat:
547 1264 672 1313 necnon
684 1254 712 1298 et
727 1242 819 1308 cuius,
839 1252 866 1297 et
880 1242 963 1313 unde,
1051 1292 1053 1297 .

105 1316 204 1376 Quove
217 1313 254 1370 sit
269 1323 412 1382 armento,
430 1315 489 1370 veri
504 1317 582 1386 quasi
597 1315 705 1381 nescia,
724 1313 844 1385 qtraerit.

16 1402 17 1429 ;
105 1382 333 1452 Iupitereterra
345 1385 468 1454 genitam
481 1386 632 1453 mentitur,
649 1394 682 1437 ut
695 1393 796 1437 auctor
825 1431 829 1436 .
1011 1385 1063 1443 616

104 1451 220 1502 Desinat
232 1448 344 1521 inquiri.
379 1454 452 1509 Petit
464 1453 537 1509 hanc
552 1454 682 1506 Saturnia
695 1469 806 1509 munus.

106 1520 181 1584 Quid
194 1520 301 1573 faciat?
319 1522 449 1591 crudele,
467 1541 531 1579 snos
543 1523 674 1577 addicere
690 1539 815 1578 amores:

103 1592 169 1641 Non
182 1590 266 1657 dare,
283 1600 451 1666 suspectum.
486 1592 579 1653 Pudor
596 1601 653 1658 est,
671 1593 719 1663 qui
733 1591 848 1643 suadeat
859 1590 954 1656 sslinc;

104 1660 179 1712 Hinc
192 1659 333 1711 dissuadet
345 1678 448 1714 amon·
469 1661 669 1731 Victusypudor
680 1669 752 1719 esset
767 1677 877 1724 amore:

16 1790 17 1793 Ἴ
105 1728 175 1796 Sed,
194 1727 256 1781 leve
270 1729 294 1780 si
306 1746 406 1782 munus
417 1729 510 1783 sociae
525 1731 692 1802 generisque
704 1731 816 1810 torique

16 1838 17 1857 ,
104 1800 200 1851 Vacca
211 1807 378 1868 negaretur,
395 1807 507 1869 poterat
520 1818 578 1853 non
595 1817 682 1853 vacca
692 1799 790 1852 rideri.

16 1868 17 1893 ³
103 1866 209 1920 Pelliee
223 1867 342 1934 donata,
359 1886 418 1922 non
428 1869 554 1937 protinus
570 1869 646 1922 exuit
661 1886 776 1921 omnem

99 1936 174 1995 Diva
187 1946 313 2002 metum3
331 1937 479 2009 timuitque
491 1942 602 2006 lovem,
622 1947 650 1991 et
662 1938 717 1989 fuit
732 1937 813 2012 annia
825 1936 912 2000 surti3

104 2008 201 2058 Donec
212 2006 392 2061 Arestoridae
403 2007 571 2063 servandam
579 2007 697 2067 tradidit
708 2004 793 2077 Argu.

16 2076 17 2093 ³
106 2077 225 2127 Centum
236 2074 389 2143 luminibus
404 2076 530 2128 cinctum
540 2085 626 2145 caput
636 2081 726 2146 Argus
736 2074 874 2135 habehat:

105 2144 174 2197 Inde
187 2145 244 2199 suis
257 2143 365 2207 vicibus
379 2145 529 2214 capiebant
540 2146 607 2199 bina
622 2145 774 2215 quietemt,

106 2215 223 2283 Caetera
231 2213 395 2281 servabant,
412 2223 496 2284 atque
509 2214 538 2267 in
551 2214 669 2271 statione
680 2213 843 2273 manebant.

16 2294 17 2347 j
105 2283 275 2336 Constiterat
285 2301 456 2353 quocunque
472 2284 572 2350 modo,
590 2284 737 2354 spectabat
750 2283 787 2335 ad
798 2284 845 2335 Io:

16 2354 18 2365 '
105 2357 177 2404 Ante
190 2352 288 2405 oculos
300 2356 346 2419 Io,
365 2353 490 2424 quamtis
501 2371 627 2421 aversus,
645 2352 777 2405 habebat.

105 2425 181 2474 Luce
190 2422 257 2477 sinit
268 2421 360 2490 pasci:
377 2439 444 2475 cum
453 2421 499 2477 sol
510 2422 612 2475 tellure
623 2423 674 2476 sub
689 2422 746 2475 alta
764 2429 813 2488 est,
860 2463 864 2469 .

107 2490 231 2555 Claudit,
250 2500 278 2543 et
290 2490 405 2560 indigno
417 2491 575 2557 cucumdat
587 2491 701 2547 vincula
715 2491 799 2551 collo.

105 2560 264 2625 Frondibur
276 2560 416 2628 arboreis,
435 2568 463 2612 et
476 2578 573 2619 amara
586 2562 709 2629 pascitur
721 2560 825 2611 herba:

106 2632 217 2698 Proque
228 2638 292 2680 toro
305 2638 409 2693 terrae,
427 2642 485 2685 non·
498 2645 610 2699 semper
621 2646 738 2699 gramen
750 2626 875 2695 habenti,

107 2698 348 2762 Incubatinielix5
365 2698 521 2770 limosaque
534 2697 654 2764 flumina
667 2706 754 2766 potat.
801 2740 807 2749 .

106 2767 158 2820 Ille
169 2768 258 2820 etiam
271 2767 386 2836 supplex
397 2772 472 2838 Argo
484 2786 550 2825 oum
561 2767 679 2825 brachia
688 2766 773 2827 vellet
826 2815 828 2820 .

106 2837 250 2903 Tendere,
268 2854 325 2889 non
337 2836 449 2903 habuit,
466 2855 538 2906 quae
549 2836 665 2897 brachia
675 2836 803 2895 tenderet
817 2836 911 2912 Argo:

107 2907 275 2976 Conatoque
284 2905 365 2975 queri
374 2906 497 2979 mugitus
509 2907 597 2967 edidit
611 2923 674 2961 ore:
698 2936 705 2957 .

16 3004 17 3009 =
105 2976 255 3028 Pertimuit
295 2984 419 3031 es'onos:
437 2975 834 3057 propriequeexterritavoce
847 2980 898 3028 cst.

107 3045 190 3097 Venit
203 3054 233 3096 et
246 3063 262 3097 a
293 3044 382 3113 ripas,
399 3045 449 3102 uba
461 3044 560 3099 ludere
575 3063 657 3115 saepe
668 3045 785 3111 solebat,

106 3114 254 3167 Inachidas
267 3112 357 3182 ripas:
374 3131 503 3184 novaque
518 3125 550 3181 ut
563 3115 708 3183 conspexit
721 3115 750 3169 in
763 3112 839 3167 unda
1010 3110 1064 3175 64⁰

70 3208 73 3213 ,
108 3185 232 3248 Cornua,
249 3183 409 3252 pertimuit,
426 3200 510 3253 seque
520 3193 664 3243 externata
671 3183 788 3257 refugit.

108 3253 208 3309 Naides
221 3253 369 3324 ignorant,
385 3252 498 3324 ignorat
513 3263 541 3309 et
555 3254 673 3319 Inachus
686 3252 754 3321 ipse,

110 3325 185 3384 Quae
200 3322 246 3375 Sit·
283 3327 316 3389 At
327 3320 376 3380 illa
387 3331 500 3392 patrem
511 3324 652 3394 sequitur,
670 3316 850 3393 sequiturque
863 3322 986 3385 setores:
1067 3296 1070 3299 ⁵

109 3393 145 3442 Et
152 3391 259 3460 patim
270 3391 365 3477 “ubit
382 3408 467 3463 seque
480 3391 682 3453 admirantibus
697 3389 787 3463 offert.
