2350 3834
113 266 177 330 278
369 266 401 322 e.
428 256 587 319 ovrnrr
614 256 821 318 uasoum.
852 266 854 271 ·
881 249 913 265 ”

183 411 401 484 Peotonbusque
417 396 498 464 tenus
515 409 616 464 molles
632 399 785 463 mecms'in
801 396 891 480 duras,

183 483 301 536 Naribus
318 490 346 533 et
359 481 454 552 patulo
469 490 579 563 partem
593 477 676 532 maris
690 478 793 533 evomit
807 496 866 533 ore.
880 488 882 492 '
1075 538 1078 541 Δ

184 551 275 604 Corda
288 558 391 621 pavent
402 559 552 602 comrtum:
571 550 643 601 mihi
655 564 735 600 mens
746 549 877 603 interrita
889 549 1004 620 mansit,
1031 559 1035 565 ’

117 623 168 681 515
185 618 292 674 Exsiliis
305 629 436 679 contenta
450 620 520 684 suis;
538 634 603 672 curn
619 618 694 670 colla
707 617 818 670 feroces

186 689 229 742 Ad
244 688 319 741 freta
330 697 511 755 convertunt,
529 688 702 758 arrectisque
713 687 826 738 auribus
839 687 958 741 horrent

161 816 167 821 ,
188 757 399 838 Quadrupedes,
415 758 590 827 monstrique
603 766 681 808 metu
693 756 860 824 turbantur,
880 766 908 810 et
920 756 985 812 altis
1013 755 1015 757 ’

133 848 138 861 ·
187 827 373 897 Praecipitant
384 844 499 881 currum
511 826 640 896 scopulis.
675 828 734 946 ng
747 824 934 882 duceremus

691 912 709 946 o

187 898 277 949 Frena
288 914 388 964 manu,
402 896 506 967 spumis
520 896 677 948 albentibus
728 893 912 964 lita,·luotor,

121 969 173 1026 520
187 968 223 1020 Et
234 974 311 1018 retro
325 966 415 1018 lentas
427 965 513 1031 tendo
529 964 674 1033 resupinus
689 963 819 1017 habenas.

189 1037 248 1089 Nec
259 1035 331 1087 vires
343 1043 440 1087 tamen
452 1034 502 1087 has
513 1033 604 1087 rabies
616 1040 772 1102 superasset
787 1048 936 1103 equorum,

188 1105 226 1159 Ni
237 1112 314 1171 rota,
332 1112 503 1174 perpetuum
516 1118 571 1174 qua
583 1102 810 1155 circumvertitur
822 1117 912 1175 axem,

190 1173 294 1242 stipitis
308 1190 426 1226 occursu
437 1174 529 1225 hacta
543 1189 576 1225 ao
592 1171 708 1224 disiecta
720 1171 827 1223 fuisset.

188 1243 319 1296 Excutior
332 1259 433 1295 curru:
452 1242 575 1312 lorisque
588 1241 748 1293 tenentibus
761 1244 838 1292 artus
880 1246 883 1251 “

122 1316 174 1374 525
190 1313 304 1364 Viscera
317 1312 381 1363 viva
393 1311 481 1378 trahi,
498 1326 598 1363 nervos
611 1310 641 1361 in
656 1310 741 1378 stirpe
754 1309 856 1374 teneri,
938 1322 941 1327 “

190 1381 319 1434 Membra
330 1381 393 1449 rapi
426 1382 524 1448 artim,
542 1379 647 1450 partim
660 1394 792 1448 reprensa
803 1377 935 1449 relinqui,

191 1453 257 1501 Ossa
270 1466 383 1520 gravem
417 1466 464 1501 are
475 1449 571 1501 fracta
581 1464 695 1514 sonum,
713 1447 873 1518 fessamque
885 1447 997 1502 videres

190 1517 317 1571 Exhalari
329 1519 466 1584 animam,
480 1518 627 1587 nullasque
640 1518 670 1568 in
682 1532 802 1585 corpore
813 1525 916 1585 partes,

162 1622 166 1625 -
191 1589 313 1641 Noscere
327 1590 396 1660 quat
409 1603 516 1658 posses:
533 1602 677 1656 unumque
691 1594 752 1637 erat
764 1586 860 1637 omnia
869 1584 979 1638 viduus.
1080 1586 1083 1597 '

123 1662 175 1718 530
192 1659 266 1710 Num
300 1665 373 1723 otes,
392 1665 440 1708 aut
453 1656 536 1708 audes
551 1656 626 1709 cladi
640 1669 809 1724 componere
821 1663 946 1721 nomae,

193 1674 335 1796 Nympha,
351 1726 450 1778 tuam?
467 1726 524 1777 vidi
538 1741 649 1796 quoque
660 1724 726 1776 'luae
740 1724 864 1776 carentia
873 1738 972 1794 regna,

192 1798 226 1848 Et
237 1795 362 1847 lacerum
373 1795 431 1847 iovi
444 1793 674 1866 Phlegethontide
686 1808 789 1862 corpus
799 1792 830 1844 in
842 1791 927 1845 unda.
955 1798 957 1803 “

194 1864 262 1929 Nec,
276 1864 330 1916 nisi
342 1864 502 1934 Apollineae
517 1863 610 1916 valido
623 1861 810 1915 medicamine
821 1861 918 1931 prolis,

193 1933 311 1986 Reddita
323 1933 379 1985 rita
394 1932 478 1987 foret.
512 1935 602 1996 Quam
614 1939 763 2002 postquam
775 1929 895 1987 fortibus
907 1929 1004 1986 herbis
1037 1934 1041 1939 ’

126 2003 178 2064 585
194 2007 285 2072 Atque
300 2020 316 2055 ο
338 2002 498 2070 ePaeonia,
516 2003 579 2055 Dite
591 2000 768 2073 indignante,
784 2000 894 2121 recepi3

195 2075 267 2125 Tum
281 2073 319 2123 m'
343 2071 365 2139 ⁶,
382 2089 418 2124 ne
432 2088 562 2140 praesens
572 2087 705 2142 augerem
720 2069 843 2123 muneris
874 2069 937 2123 uius

196 2140 347 2208 Invidiam,
364 2140 462 2193 densas
479 2141 582 2193 obiecit
594 2140 710 2209 Cynthia
725 2140 825 2191 nubes:

149 2214 168 2279 'x
196 2214 234 2262 Ut
275 2211 394 2262 osorem
408 2218 498 2277 tutus,
516 2225 682 2280 possemque
695 2209 809 2278 impune
821 2207 921 2274 videri,

196 2279 239 2332 Ad
259 2279 310 2331 idit
323 2288 458 2331 aetatem:
476 2295 530 2332 nec
542 2278 740 2349 cognoscenda
751 2277 868 2347 reliquit

129 2346 183 2410 540
199 2352 253 2400 Ora
267 2348 354 2401 mihis'
367 2351 523 2418 Cretenque
537 2348 585 2400 diu
599 2346 735 2398 dubitavit
744 2345 905 2399 babendum

194 2418 346 2484 eraderet,
362 2432 397 2470 an
411 2417 507 2472 Delon.
544 2416 614 2469 Delo
628 2419 764 2486 Cretaque
775 2414 879 2467 relictis

197 2488 250 2541 llic
262 2488 369 2557 posuit,
385 2502 544 2558 nomenque
558 2485 656 2551 simul,
678 2485 754 2554 quod
765 2484 850 2554 possit
862 2498 1003 2555 equorum

164 2618 168 2625 p
196 2557 394 2624 summisse,
411 2558 490 2609 iubet
503 2557 658 2624 deponere,
676 2554 785 2624 Quique
796 2553 874 2605 fuisti

196 2626 378 2696 Hippolytus,
396 2626 477 2692 dixit,
495 2642 571 2677 nunc
585 2625 661 2676 idem
675 2623 870 2677 Virbius-esto.

129 2693 181 2751 645
202 2699 261 2747 Hec
276 2712 374 2748 nemus
385 2695 451 2747 inde
463 2695 542 2762 colo,
561 2693 596 2746 de
609 2693 706 2764 disque
718 2692 873 2744 minoribus
884 2706 959 2744 unus

199 2764 320 2818 Numine
334 2765 385 2816 sub
400 2765 529 2816 dominae
542 2764 633 2830 lateo,
652 2772 735 2833 atque
746 2778 895 2814 accenseor
909 2760 961 2816 illi·

232 2832 297 2891 'Non
308 2843 403 2899 tamen
417 2833 532 2904 Egeriae
544 2833 636 2884 luctus
651 2833 743 2884 aliena
754 2831 847 2883 levare

198 2902 307 2954 Damna
318 2902 427 2968 valent,
444 2902 548 2954 montis
591 2918 606 2954 e
618 2902 711 2953 iacens
724 2900 864 2952 radicibus
875 2898 941 2951 imis

200 2971 330 3040 Liquitur
341 2971 370 3022 in
381 2971 525 3023 lacrimas:
564 2986 649 3037 oneo,
685 2971 769 3021 ietate
782 2968 901 3022 dolentis

132 3038 185 3096 550
201 3042 293 3104 Mota,
311 3055 390 3092 soror
402 3040 507 3091 Phoebi
521 3039 647 3109 gelidum
661 2988 695 3090 de
709 3054 828 3108 corpore
842 3037 954 3089 fontem

173 3117 177 3129 “
202 3109 293 3176 Fecit,
311 3117 340 3159 et
353 3118 480 3161 aeternas
494 3116 570 3163 artus
580 3108 707 3159 tenuavit
717 3108 746 3159 in
759 3106 855 3161 undas.
869 3136 872 3141 -

202 3180 237 3228 at
248 3179 273 3228 N
321 3178 389 3245 phas
402 3177 495 3248 tetigit
506 3193 578 3229 nova
591 3194 649 3229 res:
668 3185 697 3228 et
708 3181 845 3227 Amazone
859 3181 948 3226 nattis

202 3192 377 3298 HaudTliter
389 3248 507 3316 stupuit,
527 3262 611 3329 quam
624 3262 690 3298 oum
701 3245 861 3314 Tyrrhenus
874 3253 972 3296 arator

202 3313 327 3365 Fatalem
342 3315 453 3384 glebam
467 3314 567 3366 mediis
582 3315 706 3383 adspexit
717 3316 748 3365 in
761 3314 833 3366 arvis

134 3376 186 3438 555
204 3384 306 3450 Sponte
318 3399 366 3435 sua
377 3383 516 3455 primum,
527 3382 663 3455 ualloque
676 3384 814 3455 agitante,
828 3381 954 3436 moveris
