2350 3834
153 228 220 295 20⁰
337 220 341 227 ’
424 227 456 281 Ρ.
478 224 842 282 OVIDIINASONIS
911 239 915 245 ·

225 377 302 429 Duria·
311 374 388 440 licet,
404 370 561 444 insequitur
572 370 731 443 fugientem
742 370 849 423 lumine
861 371 969 442 pinum.

225 448 302 498 llaec
318 459 429 514 quoque
443 451 475 494 ut
489 442 563 493 haud
574 450 693 511 potarat,
711 442 799 510 spatio
814 441 952 506 submota,
968 442 1067 510 rideri3

155 514 208 574 470
224 515 293 570 Vela
302 521 399 565 tamen
412 519 521 592 spectat
535 528 645 562 summo
656 510 799 580 fluitantia
810 511 896 564 malo.

223 587 261 635 Ut
272 599 325 634 nec
338 580 501 647 velavrdet3
527 597 647 632 vacuum
680 580 730 631 etit
745 579 825 631 anxia
839 579 955 649 lectum,

226 656 261 705 Se
302 667 317 702 e
331 659 393 702 toro
403 650 497 719 ponit.
533 596 812 719 Renovatleotusqua
825 648 961 720 locusque
975 656 980 665 '

224 723 249 774 Η
279 736 384 789 cyonae
397 719 537 786 lacrimas,
556 728 583 770 et
598 734 669 788 quiae
683 735 756 787 pars,
775 718 916 785 admonet,
935 719 1017 774 absit.

222 790 361 843 Portubus
378 790 510 856 exierant,
529 797 557 840 et
568 796 696 840 moverat
709 803 777 838 aura
788 787 935 853 rudentes;

154 858 208 918 475
226 858 351 911 Obvertit
363 857 446 909 lateri
458 857 611 926 pendentes
628 856 722 908 navita
732 872 843 909 remos:

196 932 198 935 ’
225 930 390 998 Cornuaque
401 928 432 978 in
447 944 556 979 summa
569 926 647 978 locat
661 927 771 992 arbore,
789 933 906 994 totaque
917 923 995 978 malo
1044 990 1047 994 r

224 996 343 1050 Carbasa
352 996 697 1065 deducit,‘venientesque
710 994 812 1063 accipit
829 1011 920 1047 auras.

222 1068 388 1132 Autminus,
409 1064 672 1117 autcertemedium
684 1081 741 1116 uon
749 1063 867 1133 amplius
881 1078 991 1132 aequor

222 1138 317 1205 Puppe
328 1135 483 1201 secabatur,
501 1135 640 1206 longeque
654 1143 715 1186 erat
727 1141 846 1203 utraque
858 1132 958 1196 tellus;

152 1199 206 1262 480
224 1207 292 1257 Curn
306 1221 383 1256 mare
396 1205 448 1256 sub
463 1214 578 1256 noctem
594 1203 707 1255 tumidis
721 1202 866 1254 albescere
878 1201 974 1270 coepit

220 1274 371 1339 Fluctibus,
390 1282 418 1325 et
425 1289 567 1393 praeceps
580 1275 686 1340 spirare
700 1271 836 1323 valentius
851 1273 949 1327 Eurus.

220 1343 316 1395 Ardua
329 1343 423 1395 iamdu
445 1356 492 1393 um
507 1341 647 1393 demittite
660 1358 774 1405 cornua,
791 1348 887 1392 rector

224 1412 339 1477 Clamat,
359 1420 387 1463 et
398 1412 526 1462 antennis
540 1420 632 1462 totum
646 1409 802 1462 subnectite
813 1409 915 1461 velum.

221 1480 274 1533 Hic
290 1481 382 1532 iubet:
399 1480 555 1547 impediunt
569 1479 701 1533 adversae
712 1480 785 1530 iussa
796 1476 957 1547 procellae3

151 1543 204 1603 485
222 1551 280 1605 Nec
294 1549 360 1600 sinit
374 1548 464 1602 audiri
479 1565 577 1601 vocem
591 1549 689 1628 fragor
701 1548 830 1618 aequoris
846 1545 942 1599 ullam.

221 1623 325 1687 Sponte
337 1626 429 1669 tamen
445 1627 598 1687 properent
614 1618 661 1670 alii
673 1618 828 1670 subducere
842 1631 952 1681 remos3

221 1686 287 1740 Pars
301 1689 410 1739 munire
422 1688 510 1751 latus3
528 1705 593 1755 pars
608 1688 695 1739 ventis
707 1687 769 1738 vela
782 1702 895 1765 negare.

222 1757 316 1838 Egerit
328 1758 374 1808 hic
385 1757 495 1819 fluctus,
514 1773 676 1827 aequorque
688 1755 814 1808 refundit
825 1772 856 1806 m
868 1770 992 1824 aequore

221 1828 276 1878 liic
285 1826 359 1895 rapit
372 1835 515 1878 antennas.
550 1831 627 1889 Quae
639 1826 706 1877 dum
717 1825 776 1877 sine
789 1824 851 1894 lege
863 1832 1012 1894 genantur,

151 1896 206 1955 490
221 1899 256 1946 As
278 1912 325 1946 era
339 1895 440 1946 crescit
452 1895 547 1954 hienis,
568 1896 700 1964 omnique
714 1901 821 1962 aparte
834 1892 944 1945 feroces
1011 1900 1015 1908 ’

220 1913 296 2016 Bella
310 1972 412 2035 gerunt
426 1964 510 2029 venti,
528 1964 658 2033 fretaque
672 1963 845 2034 indignantia
858 1961 988 2018 miscent.

220 2036 282 2102 lpse
293 2042 384 2102 pavet,
401 2049 454 2085 neo
466 2049 505 2099 se,
526 2034 572 2102 qui
585 2033 621 2086 sit
633 2042 729 2100 status,
746 2031 805 2101 ipse
818 2031 926 2083 fatetur

222 2103 299 2154 Scire
311 2103 378 2154 ratis
391 2110 494 2170 rector,
511 2099 565 2154 ne‘c
580 2102 649 2172 quid
658 2102 796 2168 iubeatve,
813 2107 941 2154 vetetve:

220 2172 309 2223 Tanta
318 2171 387 2223 mali
400 2171 497 2243 moles,
514 2179 629 2240 totaque
643 2170 788 2252 potentior
799 2178 860 2222 arte
873 2177 925 2222 est.

150 2240 203 2300 495
221 2241 273 2302 Qui
294 2257 330 2309 pe
344 2248 445 2292 sanant
459 2240 583 2292 clamore
597 2241 659 2306 virt,
676 2239 797 2292 stridore
811 2238 954 2305 rudentes,

220 2313 263 2361 Un
285 2326 366 2361 arum
378 2309 492 2361 incursu
506 2308 599 2380 grauis
615 2309 701 2375 unda,
718 2309 868 2361 tonitribus
880 2307 987 2366 aether.

219 2378 364 2431 Fluctibus
379 2378 509 2448 erigitur,
528 2377 697 2460 coelumque
709 2393 831 2447 aequam
842 2375 953 2428 videtur

218 2449 329 2509 Pontus,
349 2455 377 2500 et
394 2447 521 2500 inductas
533 2447 699 2518 adspergine
715 2455 832 2518 tangere
845 2445 950 2511 nubes3

218 2519 253 2568 Et
266 2517 362 2586 modo,
380 2534 445 2569 curn
455 2517 544 2569 fulvas
558 2517 661 2569 eximo
676 2516 764 2569 verrit
775 2514 883 2581 arenas,

149 2586 203 2642 50⁰
220 2586 358 2639 Concolor
372 2595 413 2638 est
423 2585 600 2657 illia-Stygia
612 2585 697 2638 modo
710 2585 818 2656 nigrior
831 2583 923 2635 undas

217 2655 356 2707 Sternitur
369 2656 519 2722 interdum,
537 2656 696 2725 spumisque
707 2654 867 2706 sonantibus
882 2651 969 2704 albet.

218 2726 281 2791 Ipsa
293 2740 405 2794 quoque
414 2724 457 2775 his
470 2725 563 2809 agitur
575 2724 683 2776 vicibus
693 2723 842 2775 Trachinia
852 2721 970 2790 puppis:

155 2822 158 2829 ·
219 2794 253 2844 Et
264 2793 349 2845 modo
360 2793 495 2858 sublimis,
513 2792 603 2845 veluti
614 2792 648 2844 de
659 2792 765 2845 vertice
777 2791 889 2856 montis,

218 2861 367 2930 Despicere
378 2862 408 2913 in
423 2862 517 2928 valles,
535 2863 680 2932 imumque
691 2861 851 2913 Acheronta
862 2857 990 2911 videtur:

149 2928 202 2987 505
219 2931 309 2996 Nunc,
327 2930 377 2982 ubi
388 2930 538 2982 demissam
551 2948 670 2984 curvum
681 2929 866 2994 circumstetit
878 2942 994 2997 aequor,
1073 2948 1075 2951 ·

217 2999 364 3067 Suspicere
376 2999 486 3053 inferno
501 3017 641 3052 summum
653 3000 689 3051 de
702 2999 814 3070 gurgite
828 2996 950 3051 coelum

219 3070 305 3136 Saepe
321 3067 368 3119 dat
378 3067 520 3138 ingentem
532 3069 623 3123 fluctu
643 3068 716 3120 latus
729 3068 786 3120 icta
799 3067 814 3119 f
863 3082 960 3119 orem:

218 3137 277 3190 Nec
289 3136 376 3188 levius
388 3136 496 3205 pulsata
509 3147 599 3205 sonat,
618 3154 703 3207 qtiam
713 3136 821 3189 ferreus
838 3153 855 3187 o
867 3136 909 3187 im
922 3166 924 3171 <

218 3207 287 3257 Gurn
305 3205 412 3258 laceras
428 3206 499 3258 aries
516 3206 661 3258 ballistave
675 3205 801 3258 concutit
816 3220 905 3257 arces.

150 3273 203 3328 510
220 3277 309 3342 thue
322 3274 421 3339 solent,
438 3275 536 3326 sumtis
547 3275 577 3326 in
592 3291 676 3326 cursu
688 3274 803 3342 viribus,
818 3274 862 3328 irs

217 3343 336 3396 Pectore
346 3345 378 3396 in
391 3343 546 3412 armiati,
563 3351 765 3416 praetentaque
778 3341 837 3399 tela
848 3343 961 3409 leoness
973 3382 976 3387 «
1032 3384 1037 3390 .
