2350 3834
127 236 170 304 54
390 240 422 293 r.
443 204 595 301 orion
616 236 819 291 unacum

195 383 333 436 Attulerat
345 382 466 437 famam:
483 399 644 452 nomenque
657 390 718 435 erat
732 381 845 452 auguris
855 380 963 452 ingens.

196 454 306 521 Spernit
318 452 482 505 Echionides
493 460 590 505 tamen
603 452 678 505 hunc
693 468 726 503 ex
740 452 869 504 omnihus
882 469 962 516 unus,

196 524 358 575 Contemtor
372 526 521 589 Superum,
539 523 688 573 Pentheus:
705 537 894 600 praesagaque
909 521 984 572 ridet

127 592 178 649 615
196 592 288 653 Verba
300 590 387 643 senis:
405 591 532 643 tenebras
573 608 588 642 e
602 600 630 642 et
642 590 753 643 cladem
763 590 833 642 lucis
847 590 976 642 ademtae

198 660 308 712 Obiicit.
334 659 384 712 Ille
397 677 512 712 movens
527 678 543 712 a
576 661 652 712 entia
664 669 795 728 tempora
809 660 894 724 canis,

196 731 288 790 Quam
301 728 370 783 felix
379 745 465 795 esses,
484 731 507 781 si
519 739 550 781 tu
562 744 675 798 quoque
687 729 800 780 luminis
812 728 893 780 huius

196 798 299 863 Orbus,
319 797 371 862 ait,
391 798 488 863 lieres,
506 816 542 850 ne
558 799 675 850 Bacchia
687 815 767 850 sacra
780 797 901 850 videres!

196 870 311 935 Iamque
326 867 383 918 dies
396 868 499 930 aderit,
517 869 631 937 iamque
643 867 717 921 haud
730 867 831 936 procul
845 882 968 935 auguror
982 881 1052 934 erre,

128 932 181 990 520
198 938 258 998 Quo
273 953 360 997 novus
373 937 428 989 huc
444 937 551 1003 ueniat,
570 936 663 1004 proles
675 936 829 999 Semeleia,
847 935 939 989 Liber.

198 1008 288 1067 Quem
301 1004 354 1059 nisi
365 1006 538 1074 templorum
553 1006 641 1058 fueris
654 1005 783 1076 dignatus
798 1006 920 1070 honore3

196 1074 272 1125 Mille
284 1074 363 1133 lacer
374 1092 507 1145 spargere
520 1075 606 1140 locis,
625 1084 654 1126 et
665 1073 798 1145 sanguine
811 1074 893 1126 silvas

197 1143 346 1207 Foedabis,
364 1154 540 1214 matremque
554 1154 649 1208 tuam,
668 1145 820 1212 matrisque
834 1157 953 1197 sorores,

196 1213 343 1263 Evenient:
357 1230 453 1282 ¹neque
466 1216 541 1265 enim
553 1214 705 1282 dignabere
719 1230 823 1264 numen
838 1213 962 1289 hpnore:

128 1279 180 1334 525
197 1284 297 1349 Meque
310 1281 361 1332 sub
376 1282 418 1332 his
430 1283 554 1334 tenebris
566 1283 686 1333 nimium
699 1282 798 1334 vidisse
812 1281 947 1351 quereris.

196 1350 275 1401 Talia
288 1350 428 1403 dicentem
444 1351 593 1418 proturbat
605 1351 727 1404 Echione
740 1360 831 1403 natus.

196 1419 278 1470 Dicta
291 1418 360 1470 fides
373 1420 511 1488 nequitur,
530 1437 718 1490 responsaque
728 1421 798 1471 vatis
810 1425 941 1489 aguntur.

196 1488 280 1539 Liber
294 1487 385 1540 adest:
402 1489 537 1558 festisque
551 1489 677 1543 fremunt
689 1489 839 1541 ululatibus
854 1487 943 1556 egris,

197 1557 291 1611 Turba
302 1566 398 1613 ruunt:
417 1559 572 1628 mistaeque
583 1559 649 1610 viris
661 1568 822 1627 matresque
835 1571 988 1625 nurusque,

128 1625 181 1681 530
198 1625 374 1694 vulgusque,
392 1643 595 1697 proceresque,
612 1628 709 1698 ignote
722 1628 758 1678 ad
769 1643 850 1678 sacra
860 1626 1000 1683 feruntur.
1047 1662 1054 1675 .

198 1696 265 1757 Quis
277 1694 374 1761 furor,
391 1698 577 1766 anguigenae‚
595 1697 689 1765 proles
703 1697 852 1761 Mavortia,
870 1704 977 1747 vestras

195 1764 323 1815 Attonuit
335 1766 463 1817 mentes?
480 1766 617 1826 Pentheus
631 1767 685 1818 ait:
702 1782 804 1818 aerane
818 1773 933 1816 tantum
987 1778 991 1783 ·

198 1838 269 1887 Aere
287 1833 397 1900 repulsa
410 1834 523 1887 valent?
542 1844 569 1887 et
580 1835 690 1887 adunco
704 1835 773 1886 tibia
786 1833 893 1886 cornu?

96 1942 101 1949 ,
197 1904 232 1952 Et
246 1902 373 1971 magicae
385 1904 517 1956 fraudes?
537 1913 581 1969 ut,
600 1921 669 1972 quos
680 1921 736 1956 non
749 1903 868 1974 belliger
882 1901 963 1970 ensis,

128 1971 179 2028 585
198 1973 260 2021 Non
271 1971 340 2022 tuba
348 1973 521 2038 terruerint,
530 1991 588 2026 non
600 1973 703 2025 strictis
713 1973 826 2043 agmina
838 1971 912 2038 telis,

197 2040 345 2095 Femineae
357 2058 456 2109 voces,
473 2050 501 2094 et
511 2052 591 2095 nicta
602 2042 710 2094 insania
722 2044 798 2107 vino,

198 2109 389 2179 obscoenique
404 2128 520 2180 greges,
540 2122 567 2163 et
580 2110 675 2165 inania
686 2121 819 2179 tympana
831 2106 964 2161 vincant?

195 2179 303 2243 Vosne,
322 2196 414 2242 senes,
435 2181 540 2232 mirer?
560 2181 609 2249 qui
620 2180 705 2251 longa
717 2198 772 2259 par
780 2195 904 2249 aequora
916 2177 992 2230 vecti

198 2248 257 2298 Hac
269 2249 379 2314 Tyron,
395 2248 448 2300 hac
462 2249 600 2319 profugos
613 2250 742 2316 posuistis
754 2248 818 2300 sede
829 2250 955 2313 Penates,

128 2314 181 2371 540
196 2318 277 2368 Nunc
291 2316 379 2369 sinitis
392 2317 452 2368 sine
467 2320 556 2371 Marte
571 2318 652 2386 capi?
670 2336 770 2383 vosne,
788 2317 887 2371 acrior.
895 2325 981 2383 aetas,

198 2385 358 2447 Oiuvenes,
374 2388 545 2456 propiorque
557 2404 652 2452 meae;
671 2405 741 2457 quos
754 2404 834 2439 arma
845 2395 954 2450 tenere,

195 2456 259 2505 Non
273 2453 397 2522 thyrsos3
415 2455 551 2526 galeaque
565 2457 639 2527 tegi,
655 2475 712 2509 non
726 2456 843 2521 fronde,
859 2451 999 2507 decebat?

196 2525 276 2588 Este,
292 2540 408 2592 precor,
425 2541 580 2591 memores,
600 2543 654 2594 qua
665 2526 723 2578 sitis
737 2527 823 2595 stirpe
837 2525 938 2578 creati:

195 2591 328 2660 Illiusque
343 2593 463 2660 animos,
482 2595 528 2664 qui
543 2595 647 2646 multos
660 2595 782 2663 perdidit
795 2611 877 2661 unus,

127 2658 179 2715 545
197 2662 302 2712 Sumite
314 2663 458 2730 serpentis.
483 2666 535 2715 Pro
549 2664 675 2716 fontibus
687 2664 735 2716 ille
749 2665 872 2735 lacuque

195 2731 318 2782 interiit:
337 2741 366 2782 at
377 2749 425 2783 vos
437 2750 489 2801 pro
501 2733 578 2786 fama
591 2733 694 2785 vincite
706 2744 806 2786 vestre.

195 2798 246 2850 Ille
262 2799 337 2851 dedit
347 2799 403 2853 leto
417 2802 521 2855 fortes:
537 2819 585 2855 vos
599 2801 697 2870 pellite
712 2804 819 2867 molles,

196 2869 229 2918 Et
242 2869 364 2936 patrium
375 2880 505 2922 revocate
518 2871 611 2924 decus.
634 2872 663 2922 si
673 2872 732 2924 fata
744 2873 877 2925 vetabant
916 2900 919 2907 =
971 2896 973 2901 ·

195 2939 273 2988 Stare
289 2937 337 2988 diu
350 2938 473 3003 Thebas;
491 2940 600 2992 utinam
612 2948 754 2992 tormenta
767 2941 876 3010 virique

126 3003 179 3060 550
196 3006 304 3057 Moenia
316 3006 474 3069 diruerent,
490 3009 655 3078 ferrumque
667 3009 794 3079 ignisque
805 3007 950 3061 sonarent!

196 3077 320 3127 Essemus
332 3077 427 3128 miseri
439 3079 498 3131 sine
512 3079 644 3133 crimine:
656 3096 778 3149 sorsque
793 3075 944 3148 querenda,

194 3146 258 3195 Non
272 3145 389 3198 celanda
402 3146 489 3198 foret:
507 3147 697 3216 lacrimaeque
709 3149 817 3217 pudore
830 3151 967 3199 carerent.

194 3217 229 3262 At
241 3230 315 3266 nunc
330 3232 346 3264 a
361 3232 448 3283 puero
462 3217 574 3268 Thebae
589 3216 735 3285 capientur
745 3217 855 3284 inermi,

194 3284 284 3342 Quem
300 3300 335 3333 ne
358 3300 392 3335 ue
407 3283 482 3337 bella
497 3285 606 3346 iuvant,
624 3302 677 3338 nec
690 3287 763 3352 tela,
779 3304 832 3338 nec
844 3299 909 3337 usus
925 3297 1086 3353 equorum:

126 3347 177 3404 ⁵55
194 3350 249 3402 Sed
261 3301 388 3406 madidus
401 3353 515 3422 myrrha
526 3354 627 3424 crinis,
643 3356 797 3427 mollesque
811 3368 942 3420 coronae,
