2350 3834
149 220 210 286 198
276 173 278 183 Α
417 216 448 267 Ρ.
466 211 615 266 OVIDII
636 209 834 270 NASONIS

147 368 199 423 880
216 363 278 428 Sed,
295 376 408 414 memor
420 357 542 425 admissi,
559 356 682 410 Neretda
694 357 804 430 colligit
821 360 922 414 orbam

216 437 324 485 Damna
334 447 384 481 suo
398 428 513 479 inferias
526 427 661 480 exstincto
675 428 788 481 mittere
800 430 902 484 Phoco.

217 502 336 555 Induere
351 515 430 549 arma
443 499 525 563 viros,
542 497 721 567 violentaque
734 514 846 551 sumere
861 500 921 552 tela

216 575 275 624 Rex
290 569 368 620 iubet
380 572 497 619 Oetaeus
506 586 521 619 :x
532 585 597 620 cum
613 572 674 638 quts
687 567 771 619 simul
785 568 845 638 ipse
857 569 976 639 perabat

216 645 274 692 Ire:
293 637 342 689 sed
355 638 497 705 Halcyone
511 637 613 689 coniux
630 637 719 690 excita
731 637 869 694 tumultu,

148 713 199 771 885
216 708 335 768 Prosilit,
352 715 390 774 let,
408 707 533 758 nondum
545 715 620 758 totos
635 716 734 759 ornate
747 706 871 774 capillos,

217 778 323 846 Disiicit
334 776 385 828 hos
399 777 487 844 ipsos:
506 775 638 845 colloque
649 776 741 827 infusa
756 778 861 842 mariti,

216 849 309 899 Mittat
322 855 352 896 ut
365 845 498 897 auxilium
515 844 574 896 sine
583 862 625 912 se,
643 846 790 914 verbisque
802 854 960 913 praecatur,

216 920 251 969 Et
263 915 396 978 lacrimis,
414 915 576 984 animasque
592 914 660 966 duas
674 924 706 967 ut
719 922 811 967 servet
825 915 854 970 in
867 932 932 967 uua.

216 985 348 1039 Aeacides
362 984 413 1050 illi,
429 984 552 1049 Pulcros,
570 984 684 1053 Regina,
702 984 818 1052 piosque

148 1056 201 1114 390
217 1058 292 1107 Pone
304 1062 408 1106 metus:
427 1054 510 1122 plena
527 1061 569 1124 est
580 1053 710 1122 promissi
722 1054 815 1123 gratie
826 1053 920 1109 vestri.

216 1128 279 1180 Non
292 1124 384 1194 placet
396 1140 474 1174 arma
488 1123 558 1174 mihi
571 1132 670 1175 contra
682 1140 755 1174 nova
771 1131 897 1174 monstra
908 1123 1024 1176 moveri:

217 1198 327 1248 Numen
342 1192 517 1244 adorandum
529 1192 622 1261 pelagi
638 1201 689 1254 eat,
705 1194 771 1243 Erat
785 1191 873 1243 ardue
889 1192 984 1261 turris,

213 1269 289 1320 ,Arce
303 1271 401 1332 patens
414 1279 533 1327 summa,
550 1261 628 1313 fessis
643 1261 709 1314 loca
723 1270 805 1330 grata
820 1260 931 1314 carinis.

166 1341 168 1347 '
217 1331 396 1384 Adscendunt
408 1331 485 1396 illuc,
502 1339 660 1398 stratosque
673 1331 702 1382 in
713 1330 808 1384 littore
819 1338 916 1382 tauros

148 1402 200 1460 895
218 1405 285 1454 Cum
297 1400 404 1471 gemitu
418 1400 585 1468 adspiciunt,
603 1408 826 1469 vastatoremque
839 1408 956 1453 cruento

217 1475 270 1522 Ore
285 1470 388 1533 ferum,
406 1468 505 1538 longos
517 1468 654 1520 infectum
670 1469 803 1539 sanguine
817 1468 907 1521 villos.

217 1540 285 1592 Inde
299 1556 397 1590 manus
413 1538 530 1590 tendens
544 1538 573 1588 in
587 1537 678 1605 aperti
692 1538 788 1589 littora
801 1538 890 1606 ponti,

220 1608 383 1661 Caeruleam
394 1607 491 1659 Peleus
502 1608 675 1673 Psamathen,
692 1616 724 1659 ut
735 1606 816 1659 finiat
829 1599 908 1671 irain,
985 1660 989 1664 ,

217 1682 294 1742 Orat,
312 1693 451 1746 opemque
468 1676 549 1729 ferat.
584 1679 643 1729 Nec
656 1677 771 1730 vocibus
786 1675 836 1727 illa
853 1675 978 1746 rogantis

147 1746 201 1803 400
218 1746 353 1799 Flectitur
365 1745 515 1798 Aeadicae:
532 1746 626 1798 Thetis
638 1746 712 1798 hanc
724 1762 775 1814 pro
790 1745 910 1815 coniuge
921 1746 1035 1815 supplex

217 1816 334 1885 Accepit
347 1815 467 1867 veniam.
502 1815 556 1867 Sed
574 1815 648 1867 enim
661 1823 805 1867 revocatus
821 1815 856 1866 ab
872 1813 934 1865 acri

217 1885 306 1937 Caede
320 1884 401 1951 lupus
415 1893 530 1952 perstat,
547 1883 695 1936 dulcedine
707 1883 848 1953 sanguinis
863 1894 971 1951 asper3‘

217 1956 313 2006 Donec
327 1954 520 2006 inhaerentem
533 1953 645 2006 lacerae
659 1954 768 2005 cervice
782 1953 917 2004 iuvencae

217 2027 359 2075 Marmore
373 2025 500 2077 mutavit.
535 2026 650 2092 Corpus,
667 2031 836 2091 praeterque
855 2021 983 2074 colorem

148 2096 200 2151 405
219 2094 317 2145 Omnia
332 2093 463 2144 servavit:
481 2093 581 2160 lapidis
599 2092 678 2144 eolor
691 2090 805 2157 indicat,
824 2090 906 2142 illum

218 2166 278 2214 Iam
293 2180 350 2213 nou
360 2179 420 2213 esse
432 2161 539 2229 lupum,
557 2162 615 2213 iarn
630 2178 688 2214 uon
704 2160 807 2226 debere
820 2159 922 2213 timeri.

217 2235 277 2284 Nec
289 2241 385 2282 tamen
401 2231 455 2281 hac
466 2230 622 2300 profugum
635 2231 786 2282 consistere
801 2228 882 2282 Pelea
898 2238 976 2283 terra

217 2303 287 2352 Fata
299 2300 409 2351 sinunt:
426 2302 570 2368 Magnetas
584 2299 643 2351 adit
654 2316 740 2369 vagus
756 2296 840 2363 exsul,
859 2306 887 2349 et
902 2297 963 2350 illic

218 2368 310 2421 Sumit
325 2369 368 2422 ab·
377 2368 530 2420 Haemonio
544 2363 713 2438 purgamina
725 2366 817 2422 caedis
830 2371 939 2420 Acasto.

141 2440 207 2498 ,410
259 2443 369 2490 Interea
382 2437 533 2506 fratrisque
546 2438 596 2501 sui,
614 2438 789 2505 fratremque
804 2435 906 2488 secutis

217 2508 305 2560 Anxia
320 2507 453 2577 prodigiis
464 2507 592 2558 turbatus
605 2515 719 2575 pectora
736 2508 816 2573 C'eyx,

218 2578 349 2630 Consulat
363 2586 394 2627 ut
408 2593 509 2638 sacras,
527 2575 675 2628 hominum
689 2572 885 2637 oblectamina,
903 2582 1003 2639 sortes,

218 2648 261 2697 Ad
278 2647 400 2699 Clarium
417 2654 499 2712 parat
515 2646 557 2697 ire
575 2646 674 2697 deum:
706 2660 772 2696 nam
789 2642 896 2714 templa
913 2642 1045 2710 profanu!

196 2733 200 2738 ·
218 2716 294 2767 Invia
309 2733 374 2767 cum
386 2715 513 2784 Phlegyis
522 2714 649 2776 ,faciebat
662 2712 795 2781 Delphica
810 2711 941 2773 Phorbas.

150 2784 203 2840 415
221 2785 332 2835 Consilii
344 2794 442 2850 temen
455 2792 520 2836 ante
536 2784 587 2847 sui,
606 2783 749 2847 fidissima,
769 2789 878 2834 certam

219 2856 258 2904 Te
270 2854 348 2918 facit,
366 2854 517 2919 Halcyone.
553 2852 602 2905 Cui
615 2854 740 2921 protinus
754 2850 854 2901 intima
867 2850 956 2921 frigus

177 2957 181 2964 -
220 2925 284 2973 Ossa
295 2930 469 2989 receperunt,
486 2923 615 2991 buxoque
626 2920 783 2973 simillimus
796 2933 846 2971 ora

199 3031 201 3034 .
217 2991 309 3042 Pallor
324 2991 393 3056 obit,
413 2985 693 3060 lacrimisque‘genae
706 2989 839 3042 maduere
854 2986 984 3055 profusis.

219 3062 275 3112 Ter
287 3068 389 3111 conata
400 3059 487 3128 loqui,
506 3068 549 3111 ter
563 3059 676 3112 fletibus
692 3075 742 3110 ora
757 3055 872 3127 rigavit:

149 3131 202 3187 420
218 3129 401 3198 singultuque
413 3129 473 3196 pias
485 3128 705 3197 interrumpente
720 3126 856 3195 querelas,

220 3201 297 3259 Quae
311 3215 372 3249 mea
389 3197 471 3265 culpa
485 3206 575 3260 tuam,
592 3198 668 3260 dixit,
687 3195 839 3257 carissime,
858 3201 983 3246 urentem

141 3299 145 3310 ·
219 3266 328 3319 Vertit?
345 3267 393 3317 nbi
405 3275 453 3328 est,
473 3284 543 3334 quae
556 3284 624 3320 cura
636 3266 693 3318 mei
706 3264 782 3333 prius
797 3281 855 3324 esse
868 3259 994 3316 solebat?

220 3338 280 3387 lam
292 3343 371 3404 potes
381 3334 524 3404 Halcyone
535 3334 649 3390 securus¹
660 3336 756 3394 abasse
766 3332 880 3392 relicta:
