2350 3834
257 209 700 270 00000000000000
720 215 803 279 trs.
824 213 881 271 vu.
932 181 1050 292 ‘1‘129

85 363 188 426 Hasta,
206 376 261 413 neo
278 366 407 414 excussae
424 369 554 415 'contorto
571 336 689 415 verteie
705 360 831 432 0100100,

85 434 148 484 Nec
166 429 338 499 Gortyniaco
355 431 479 484 calamus
495 431 564 483 levis
582 431 638 484 exit
655 431 691 483 ab
707 448 787 487 ercu.
809 469 812 476 «

87 500 173 553 Collis
190 516 261 569 apex
278 500 364 551 medii
380 501 511 553 subiectis
526 501 656 553 imminet
673 501 760 553 arvis:

86 570 187 623 Tollor
204 586 254 636 eo,
272 570 409 639 capioque
425 570 493 623 nori
508 570 669 639 spectacula
687 573 801 624 cursus:
1001 569 1053 627 780

88 642 152 701 Quo
169 638 257 691 modo
275 638 310 689 de
329 639 424 705 rendi,
441 639 527 692 modo
545 654 575 691 se
592 638 747 691 subducere
764 639 800 691 ab
816 638 878 710 ipso

86 707 211 760 Vulnere
228 707 286 760 visa
317 724 365 760 era
383 716 431 761 est.
466 711 524 761 Nec
541 707 633 774 limite
651 707 754 760 callida
771 718 861 776 recto,
941 712 943 716 ’

86 778 120 828 ln
134 776 290 845 spatiumre
306 777 393 847 fugit3
410 776 460 829 sed
477 777 582 845 decipit
600 793 650 828 ora
666 778 816 846 sequentis,

86 848 122 897 Et
138 845 214 897 redit
228 846 258 898 in
274 863 390 917 gyrum,
407 862 450 898 ne
462 846 497 898 sit
512 862 579 898 suus
595 845 717 914 impetus
734 846 817 900 hosti.

87 915 223 966 Imminet
238 915 299 981 hic,
316 915 496 984 sequiturque
510 930 622 984 parem,
638 914 791 983 similisque
807 916 916 969 tenenti

86 986 153 1038 Non
169 992 261 1051 tenet,
280 993 309 1036 et
325 1001 426 1037 vacuos
445 992 556 1037 exercet
568 984 599 1036 in
617 984 682 1036 aira
699 997 819 1036 morsus.
851 1025 856 1034 ,

86 1053 130 1105 Ad
147 1052 233 1105 iaculi
249 1047 379 1106 vertebar
396 1070 494 1135 opem:
512 1053 590 1123 quod
605 1052 718 1104 dextera
733 1051 820 1104 librat

86 1124 163 1173 Dum
180 1139 261 1190 mea,
278 1123 347 1176 dum
365 1120 467 1193 digitos
485 1122 603 1175 amentis
620 1121 716 1174 indere
733 1129 828 1185 tento;

18 1257 19 1260 Ἴ
86 1191 208 1243 Lumina
225 1191 335 1259 deflexi,
352 1200 540 1262 revocataque
556 1207 653 1247 rursus
671 1190 771 1244 eodem

79 1259 265 1320 ¹ltetulerarn:
283 1260 391 1327 medio,
408 1261 526 1314 mirum!
545 1259 601 1313 duo
619 1272 763 1313 marmora
780 1275 880 1333 cumpo

86 1329 236 1399 Adspicio;
255 1330 355 1400 fugere
371 1330 445 1398 hoc,
463 1327 535 1382 illud
551 1330 656 1383 1000000
672 1339 797 1399 putares.

85 1398 200 1451 Scilicet
211 1400 331 1451 invictos
349 1401 433 1452 amhn
452 1400 607 1453 certamine
624 1415 722 1452 cursus

84 1470 153 1521 Esse
170 1467 238 1520 deus
257 1468 363 1535 voluit,
380 1468 404 1520 si
421 1469 482 1539 quis
499 1469 566 1523 deus
585 1468 675 1521 adluit
691 1468 757 1523 illis.

85 1537 244 1592 Hacteirtu:
262 1545 292 1590 et
308 1537 406 1593 tacuit.
440 1538 536 1592 laculo
554 1537 630 1608 q'uod
648 1538 756 1591 crimen
772 1536 803 1589 in
817 1535 912 1608 ipso?¹

84 1606 195 1660 Phocus
212 1606 260 1660 ait
296 1607 384 1660 Iaculi
400 1608 441 1661 sic
459 1607 577 1661 crimine
593 1606 717 1660 reddidit
732 1606 797 1659 ille:

124 1674 234 1728 Gaudia
249 1676 422 1748 principium
438 1677 527 1729 nostri
543 1685 616 1741 sunt,
633 1676 735 1744 Phoco,
753 1674 867 1730 doloris.

84 1744 138 1797 llla
155 1745 233 1814 prius
248 1746 383 1800 referem.
415 1750 500 1799 Iurat·
512 1746 545 1799 o!
561 1745 722 1800 meminisse
738 1742 816 1797 beati

84 1815 247 1883 Temporis,
264 1816 398 1881 Aeacida,
415 1832 472 1935 quo
490 1814 597 1884 primos
615 1816 670 1866 rite
686 1829 737 1883 per
755 1830 843 1868 annos

85 1884 212 1954 Coniuge
229 1900 306 1936 eram
323 1884 405 1947 1011ος
437 1884 491 1936 elix
508 1892 570 1936 eret
584 1882 635 1934 illa
651 1883 763 1935 marito.

84 1953 184 2005 Mutua
201 1969 270 2005 cura
286 1953 371 2021 duos,
389 1963 417 2006 et
433 1969 514 2005 emor
529 1952 640 2005 socialis
656 1951 787 2005 hahebat.

84 2023 146 2076 Nec
163 2022 238 2075 lovis
252 2022 302 2075 illa
319 2037 383 2075 meo
399 2022 539 2075 thalamos
555 2020 713 2090 praeferret
729 2019 833 2073 amoris

85 2092 163 2158 Nec,
181 2109 229 2144 me
247 2099 319 2161 quae
338 2100 469 2160 caperet,
487 2108 544 2162 000
561 2090 585 2142 si
602 2094 694 2143 Venus
710 2090 770 2158 ipsa
787 2091 903 2160 veniret,

86 2160 151 2212 Ulla
166 2168 241 2213 erat:
260 2161 389 2230 aequales
405 2161 526 2216 urebant
539 2168 657 2229 pectora
674 2160 817 2215 ilammne.

86 2230 151 2282 Sole
169 2228 232 2282 fere
249 2230 334 2282 radiis
350 2229 470 2282 feriente
488 2229 637 2282 cacumina
672 2228 759 2295 rimis,
852 2231 854 2235 ’

85 2300 226 2351 Venatum
243 2298 274 2349 in
290 2299 372 2351 silvas
388 2298 548 2352 iuveniliter
563 2299 606 2352 ire
622 2245 765 2351 sciebamr

86 2370 145 2421 Nec
162 2383 279 2422 mecum
295 2367 434 2435 famulos,
451 2385 505 2420 000
522 2385 624 2437 equos,
641 2385 697 2421 nec
714 2366 828 2420 neribus
845 2381 925 2421 acret

85 2440 130 2495 Ire
148 2452 250 2501 canes,
267 2454 321 2489 nec
338 2437 397 2489 lina
413 2439 492 2506 sequi
507 2438 614 2490 nodosa
630 2438 771 2489 sinebam:
962 2445 965 2454 “

86 2507 172 2568 Tutus
189 2514 271 2558 eram
287 2506 389 2560 100010.
425 2506 479 2558 Sed
496 2523 563 2562 cum
576 2506 680 2558 'satiata
695 2506 804 2560 ferinae

85 2576 209 2628 Dextera
227 2574 321 2628 caedis
339 2584 414 2641 erat;
431 2575 596 2643 ¹repetebam
611 2574 715 2645 frigus,
735 2582 764 2625 et
779 2572 904 2641 umbras,
926 2603 928 2608 ⁴

85 2646 132 2712 lit,
157 2657 238 2715 quse
250 2644 285 2696 de
302 2644 401 2715 gelidis
423 2644 539 2696 liniebat
551 2644 684 2709 vallibus,
708 2657 817 2696 aurem.

86 2719 160 2766 Aura
177 2714 329 2783 petebatur
344 2713 440 2766 medio
455 2714 526 2765 mihi
542 2712 613 2765 lenis
629 2712 660 2764 in
677 2720 772 2764 aestu:
799 2729 801 2732 ’

86 2788 192 2836 Aurem
209 2784 422 2856 exspectabam:
442 2782 555 2852 requies
572 2791 633 2834 erat
648 2780 698 2833 iila
715 2780 816 2835 laboris
844 2794 851 2805 ¹
912 2780 915 2783 ’

85 2857 177 2918 Aura,
194 2850 334 2905 recordor
351 2852 441 2917 enim,
459 2851 569 2919 venias,
587 2861 703 2922 cantare
720 2847 860 2912 sciebatne

85 2923 188 2992 Meque
205 2922 297 2989 iures,
314 2921 455 2991 intresque
472 2922 561 2989 01000,
579 2919 754 2992 gratissima,
771 2930 899 2975 nostrost

84 2994 179 3061 thue
196 2990 283 3055 facis,
301 2994 429 3043 relevare
444 2990 528 3057 reiis,
553 2992 653 3061 quibus
668 2990 793 3051 urimur,
811 2999 911 3047 aestus.

86 3061 217 3112 Forsitan
233 3058 407 3127 addiderim,
424 3059 464 3111 sic
481 3077 528 3112 me
545 3077 610 3112 mea
627 3060 687 3112 iata
701 3058 861 3126 trahebant,

86 3129 241 3181 Blanditias
259 3128 370 3198 plures,
388 3138 432 3195 et,
450 3132 493 3181 Tu
510 3130 579 3181 mihi
595 3142 700 3200 magua
715 3127 852 3196 voluptas,

85 3197 186 3252 Dicere
204 3198 259 3249 sim
276 3198 389 3251 solitus:
407 3207 440 3251 tu
456 3215 503 3251 me
518 3198 680 3269 reficisque,
703 3196 852 3265 foresque:

85 3268 128 3320 Tu
144 3267 233 3332 iacis,
252 3274 285 3318 ut
300 3267 399 3336 silves,·
418 3276 451 3319 ut
468 3284 561 3322 amem
577 3268 642 3320 loca
659 3265 732 3334 sola,
751 3278 872 3334 meoque

86 3336 207 3405 Spiritus
223 3335 278 3387 iste
294 3345 359 3392 tuus
374 3353 486 3405 semper
501 3346 631 3407 captatur
648 3336 683 3387 ab
700 3351 760 3398 ore.
995 3327 1049 3382 820

86 3406 210 3460 Vocibus
228 3404 367 3477 enrbiguis
384 3405 531 3478 deceptam
546 3405 684 3478 praebuit
694 3417 792 3457 eurem
