2350 3834
164 192 167 198 ’
256 209 881 292 ucraneueuosaou·u1c.‚x1.
970 204 1050 288 1195

89 366 126 415 Et
139 362 251 432 pecoris
266 361 353 429 fibris,
372 370 400 416 et
414 362 494 420 fumo
507 361 578 418 turis
596 360 722 429 adorati-

88 435 189 484 Dcnec
203 431 366 499 Carpathius
380 432 475 486 medio
487 432 522 484 de
536 433 646 503 gurgite
659 442 744 501 vates,

70 501 223 573 Aeacida,
242 500 318 567 dixit,
336 501 466 554 thalamis
477 502 584 570 potiare
599 502 703 571 petitis.
751 514 761 547 s
832 529 859 567 ⁴,
998 505 1051 562 250

89 574 133 623 Tu
147 570 242 636 modo,
260 588 326 623 cum
338 571 432 641 gelido
448 572 539 640 sopita
553 571 679 640 quiescet
690 572 719 623 in
732 579 827 641 antro,

89 644 222 711 Ignarum
235 639 341 709 laqueis
356 640 506 710 vincloque
516 640 629 692 innecte
643 641 747 696 tenaci·

88 713 151 763 Nec
162 719 193 761 te
209 709 330 778 decipiat
341 719 458 764 centum
473 710 593 761 mentita
604 709 723 779 figuras:

89 780 146 831 Sed
158 795 264 848 preme,
283 778 419 847 quidquid
434 779 501 831 erit:
519 778 598 845 dum,
618 780 694 848 quod
705 779 846 847 fuitante‚
863 780 1010 838 reformet.
1148 841 1154 850 .

88 849 205 901 Dixerat
215 849 286 899 haec
297 850 427 900 Proteus:
446 856 474 900 et
489 847 616 902 condidit
630 864 664 899 aa
684 865 754 901 uore
767 849 885 921 tultum,
999 851 1052 908 255

89 918 264 987 Admisitque
276 934 341 970 suos
352 917 381 968 in
397 917 485 970 verba
497 917 648 970 novissima
658 867 771 973 tinctu.

87 989 197 1040 Pronus
211 994 272 1044 erat
287 986 379 1053 uttan,
396 986 590 1056 inclinatoque,
599 988 715 1046 tenebat

87 1057 257 1125 Hesperium
271 1063 385 1108 temone
397 1056 519 1116 iretumt
537 1073 604 1108 cum
619 1056 719 1124 pulcra
727 1054 830 1110 relicto

88 1128 190 1179 Nereis
203 1125 362 1195 ingreditur
369 1134 511 1180 consueta
523 1125 628 1180 cubilia
642 1134 738 1194 panto.

88 1196 142 1247 Vix
157 1196 229 1247 bene
243 1194 384 1265 virgineos
397 1195 494 1248 Peleus
508 1194 649 1247 invaserat
662 1204 755 1259 artus3
1001 1197 1054 1251 260

89 1265 142 1317 Illa
155 1272 241 1316 novat
252 1264 367 1324 formas,
385 1264 475 1317 donec
487 1281 537 1315 sua
551 1264 680 1318 membra
691 1262 782 1316 teneri

89 1334 188 1399 Sentit,
208 1341 236 1384 et
251 1332 281 1384 in
293 1341 385 1402 partes
400 1333 520 1385 diversas
534 1332 652 1386 brachia
666 1333 752 1391 tendi.

89 1406 163 1456 Tum
179 1402 295 1458 demum
304 1402 452 1472 ingemuit,
468 1405 576 1471 Neque,
595 1402 643 1469 ait,
662 1402 722 1455 sina
735 1400 851 1458 numine
864 1400 970 1471 tinent

89 1472 220 1526 Exhibita
232 1479 331 1541 estque
344 1471 448 1525 Thetis
467 1471 631 1526 comessum
642 1471 823 1540 amplectitur
837 1471 932 1540 hstes,
1077 1528 1080 1532 .

89 1545 124 1595 Et
138 1540 381 1610 potituruotis,in
401 1542 515 1611 entique
527 1540 627 1610 implet
642 1541 761 1596 Achille.
831 1589 832 1594 ,
904 1543 909 1550 ’
1002 1541 1053 1598 265

124 1610 203 1664 Felix
217 1619 246 1662 et
257 1618 336 1671 nato,
351 1559 420 1662 felix
435 1618 463 1661 et
476 1609 716 1679 coniugeeeteus,
991 1647 994 1654 ι

88 1683 125 1734 Et
139 1680 196 1747 cui,
214 1678 237 1730 si
251 1678 346 1732 demas
357 1678 476 1750 iugulati
491 1680 611 1734 crimina
620 1679 718 1746 Phoci,

91 1750 192 1801 Omnia
206 1748 392 1818 contigerant
417 1751 552 1802 Fraterno
565 1749 701 1818 sanguine
719 1754 837 1815 sontem,
930 1777 938 1802 f

88 1818 299 1888 Fxpulsumque
313 1816 397 1882 domo
412 1817 505 1885 patria
516 1817 667 1872 Trachinia
677 1817 761 1870 tellus

88 1888 209 1956 Accipit.
234 1886 287 1940 Hic
300 1902 419 1955 regnum
431 1886 491 1938 sine
505 1887 541 1951 vi,
559 1886 730 1951 sinacaede,
747 1884 861 1940 tenebat
882 1901 884 1908 ’
922 1901 925 1906 ⁴
966 1939 969 1946 ,
1001 1886 1053 1939 270

88 1958 222 2010 Lucifero
236 1954 364 2026 genitore
378 1963 462 2019 satus,
479 1955 657 2024 patriumque
669 1956 794 2014 nitorem

90 2030 145 2078 Ore
159 2027 254 2077 ferens
268 2026 354 2093 Ceyx;
371 2024 421 2076 illo
438 2024 484 2093 qui
499 2033 628 2092 ternpore
643 2033 778 2088 moestus,

88 2094 291 2162 Dissimilisque
302 2093 354 2159 sui,
372 2093 492 2148 fratrem
508 2093 624 2163 lugebat
639 2093 794 2154 ademtam,

91 2169 153 2228 Quo
167 2172 319 2233 postquam
332 2162 466 2218 Aeacides
480 2162 568 2214 fessus
583 2180 707 2232 curaque
720 2161 821 2230 viaque

87 2233 182 2300 «Venit,
202 2241 231 2284 et
243 2232 369 2299 intravit,
386 2232 482 2300 paucis
496 2231 703 2297 comitantibus,
721 2232 837 2296 urbem3
1000 2232 1051 2287 275

90 2306 224 2373 Quosque
236 2318 336 2372 greges
349 2317 494 2370 pecorum,
513 2318 585 2370 quae
600 2318 697 2356 secum
712 2309 840 2354 armenta
854 2298 993 2366 trahebat,

88 2373 171 2425 Haud
186 2371 288 2441 procul
303 2388 320 2422 a
330 2371 420 2422 muris
435 2370 485 2425 sub
501 2388 590 2438 opaca
604 2371 677 2428 valle
690 2369 821 2439 reliquit3

89 2444 127 2494 Co
149 2444 176 2493 ia
191 2457 257 2492 cum
270 2439 347 2491 taeta
362 2448 404 2491 est
416 2439 538 2496 adeundi
550 2440 642 2509 prima
658 2440 779 2508 tyranni,

88 2461 257 2564 Velamenta
266 2526 354 2564 manu
363 2508 551 2577 praetendens
562 2509 697 2577 supplice,
716 2507 765 2576 qui
779 2506 824 2573 sit,

90 2585 210 2650 Quoque
227 2587 311 2636 satus.
330 2585 486 2632 memorat:
509 2585 621 2634 tantum
635 2594 686 2629 sua
698 2575 817 2632 crimina
829 2573 911 2628 celat.
999 2577 1052 2630 280

87 2650 280 2717 Mentiturque
294 2647 379 2718 fugae
393 2663 514 2711 causam,
531 2647 606 2714 petit
617 2647 697 2714 urbe,
715 2645 760 2704 val
773 2661 843 2715 agro
934 2699 935 2702 ,

88 2724 125 2772 Se
136 2720 223 2771 iuvet.
251 2720 329 2768 Hunc
344 2726 442 2770 contra
457 2715 571 2783 placido
583 2716 747 2770 Trachinius
763 2731 812 2766 ore
866 2749 869 2764 .

87 2789 203 2841 Talibus
219 2785 386 2856 alloquitur:
406 2784 515 2838 Mediae
549 2802 645 2854 noque
658 2783 809 2837 commoda
824 2780 901 2851 plebi

88 2861 196 2912 Nostra
207 2864 315 2925 patent,
331 2854 426 2921 Peleu,
443 2854 540 2908 necin
590 2856 650 2923 pita
661 2871 749 2924 regna
763 2862 898 2906 tenemus.

87 2927 194 2980 Adiicis
210 2925 276 2976 huic
296 2924 389 2975 animo
404 2924 695 2992 momentaputentia,
715 2923 826 2976 clarum
963 2967 966 2976 ,
997 2921 1050 2978 285

87 3000 210 3061 Nomen,
229 3010 367 3063 avumque
381 2997 486 3050 Iovem
510 2995 568 3045 Nec
581 3002 709 3062 tempora
724 2992 810 3062 perde
824 2988 982 3059 precand03

88 3067 173 3130 Quod
184 3064 264 3134 petis,
284 3079 367 3116 omne
380 3062 470 3115 feres:
487 3071 593 3132 triaque
609 3062 679 3115 haec
693 3080 745 3132 pro
760 3069 840 3131 parte
852 3059 956 3126 videto,

88 3136 304 3201 Qualiacunque
317 3131 408 3185 vides,
427 3132 538 3183 Utinam
551 3129 670 3184 meliora
685 3132 807 3186 videres!

86 3208 122 3257 Et
133 3206 233 3257 flebat.
258 3204 369 3254 Moveat
380 3218 452 3270 quae
466 3209 560 3258 tantos
574 3219 659 3254 causa
674 3201 793 3261 dolores,
893 3235 896 3241 n
961 3209 964 3216 '

85 3275 246 3343 Peleusque
254 3270 430 3340 comitesque
437 3279 548 3341 rogant.
574 3271 680 3335 Quibus
693 3270 742 3322 ille
754 3267 901 3338 profatur:
997 3262 1051 3317 290

85 3345 216 3399 Forsitan
231 3341 306 3393 hanc
315 3339 468 3409 volucrem,
484 3347 567 3410 rapto
579 3358 652 3412 quaa
666 3340 743 3406 vivit,
760 3347 790 3392 et
803 3349 901 3404 omnes
943 3379 945 3386 .

774 3413 846 3490 aa,
