2350 3834
257 200 708 284 narsuoaenoseou
729 212 807 266 me.
830 206 880 266 111.
1004 186 1051 276 '67

88 355 191 424 Meque
203 353 357 409 ministerio
372 352 540 423 scelerisque
552 355 674 425 artisque
689 355 808 408 removi.
1000 357 1052 416 645

88 427 171 476 lucre
193 440 226 475 or
238 441 255 474 a
269 424 392 490 cunctis,
409 432 503 475 totum
524 442 560 476 ue
571 424 768 476 immurmurat
785 434 895 495 agmen.

87 495 111 545 Ε
126 441 227 562 quibus
241 492 405 558 Aethalion,
422 492 462 544 Te
473 444 581 546 scilicet
592 494 682 545 omnis
696 495 724 545 in
739 511 797 548 uno

87 564 196 614 Nostra
210 559 283 613 salus
295 563 387 631 posita
403 564 456 613 est!
475 563 528 628 ait,
548 571 575 615 et
589 562 683 615 subiti
704 579 748 615 se:
768 580 921 637 meumque

87 630 190 698 Explet
204 644 221 683 o
260 648 288 682 ss
308 633 441 700 Naxoque
454 632 525 699 petit
536 632 644 684 diversa
657 582 763 685 reiicta.

124 702 199 751 Tum
213 648 280 752 siaiu
293 699 426 766 illudens,
443 709 579 771 tanquam
592 700 678 753 modo
691 700 812 772 denique
825 702 956 775 fraudem
1000 704 1054 761 6⁵0

89 768 232 835 Senserit,
251 785 266 820 e
277 770 364 838 puppi
378 779 496 838 pontum
507 779 669 839 prospectat
681 771 798 824 adunca.

88 841 124 891 Et
137 838 220 889 flenti
232 837 346 905 similis,
364 842 426 891 Non
439 838 509 891 haec
524 839 594 890 mihi
606 838 717 904 littora,
735 849 846 908 nautae,

88 907 273 970 Promisistis,
292 907 345 959 ait:
364 925 422 959 non
434 908 504 960 haec
517 907 586 960 mihi
598 917 675 959 terro
684 917 783 978 rogata
796 919 844 962 est.
908 934 913 945 ·

90 981 154 1039 Quo
168 976 261 1028 merui
270 993 392 1045 poenam
404 977 501 1030 facto?
520 994 592 1057 quae
605 976 696 1046 gloria
713 986 804 1030 vestra
818 987 868 1045 est,

91 1045 119 1097 si
131 1061 254 1114 puerum
266 1045 396 1113 iuvenes,
413 1046 438 1098 si
451 1046 532 1098 multi
546 1045 646 1098 fallitis
659 1053 765 1097 unum?
1001 1050 1055 1108 655

90 1113 261 1166 Iamdudum
272 1114 386 1167 ilebam.
420 1116 561 1167 Lacrimas
579 1132 678 1166 manus
688 1114 776 1184 impia
787 1125 898 1171 nostras

90 1183 191 1245 Ridet,
211 1191 240 1235 et
255 1184 375 1253 impellit
386 1185 601 1253 properantibus
615 1201 737 1254 aequora
751 1186 846 1239 remis.

90 1254 145 1305 Per
158 1252 213 1304 tibi
224 1270 299 1305 nunc
315 1253 424 1321 ipsum,
441 1271 494 1306 nec
508 1255 582 1306 enim
596 1254 770 1322 praesentior
784 1254 835 1307 illo

89 1324 138 1375 Est
154 1321 240 1387 deus,
258 1322 370 1387 adiuro,
389 1332 448 1376 tam
461 1340 506 1375 me
520 1324 571 1375 tihi
584 1340 651 1375 vera
662 1320 780 1388 referre,

91 1396 184 1453 Quam
200 1391 260 1442 veri
273 1392 381 1443 maiore
394 1392 459 1445 fide.
495 1393 576 1445 Stetit
588 1409 711 1461 aequore
726 1391 826 1462 puppis

90 1460 174 1511 llaud
188 1458 285 1526 aliter,
305 1478 389 1530 quam
401 1462 543 1514 sisiacum
556 1462 654 1513 navale
664 1470 792 1514 teneret.‘

90 1529 139 1580 llli
152 1529 324 1581 admirantes
338 1546 483 1583 remorum
497 1532 527 1583 in
541 1532 657 1583 verbere
673 1538 810 1598 perstant:

90 1597 219 1667 velaque
230 1598 385 1664 deducunt,
404 1600 570 1670 geminaque
586 1616 639 1668 ope
655 1616 768 1651 currere
784 1607 903 1655 tentant.

90 1667 254 1735 Impediunt
269 1667 390 1720 hederae
405 1686 513 1731 remos,
532 1684 660 1737 nexuque
673 1685 791 1719 recurvo

91 1741 232 1805 serpunt3
251 1746 279 1788 et
293 1738 414 1806 gravidis
427 1738 596 1818 distringunt
608 1736 670 1789 vela
684 1736 834 1804 corymbis.

91 1809 173 1874 lpse,
190 1805 365 1859 racemiferis
377 1807 501 1858 frontem
513 1805 702 1858 circumdatus
714 1806 782 1873 uvis,

90 1874 251 1944 Pampineis
262 1876 349 1945 agitat
360 1876 481 1928 velatam
494 1875 641 1928 frondibus
652 1873 770 1929 hastam.

93 1948 186 2007 Quem
202 1945 279 1997 circa
290 1945 395 2015 tigres,
412 1945 617 2013 simulacraque
630 1943 724 1995 inania
739 1942 863 2010 lyncum,

91 2013 292 2084 Pictammque
305 2014 400 2065 iacent
412 2013 475 2066 fera
488 2031 610 2081 corpora
624 2011 833 2080 pantherarum.

18 2080 20 2091 ¹
92 2082 236 2134 Exsiluere
248 2084 315 2147 viru
333 2083 389 2136 sive
401 2083 457 2135 hoc
468 2082 577 2134 insania
588 2082 667 2145 iecit,

94 2153 158 2204 Sive
174 2152 277 2203 timor:
294 2152 458 2221 primusque
471 2151 572 2204 Medon
585 2152 747 2220 nigrescere
764 2148 857 2216 pinnis

95 2222 220 2288 Corpore
236 2221 381 2290 depresso,
400 2231 428 2275 et
441 2220 537 2290 spinae
551 2220 713 2273 curvamina
727 2219 806 2270 flecti

95 2289 205 2358 incipit.
222 2290 288 2342 huic
302 2290 441 2357 Lycabas,
458 2294 489 2342 ln
504 2308 574 2361 quae
588 2288 742 2356 miracula,
761 2287 838 2355 dixit,

94 2358 237 2413 Verteris?
256 2368 283 2413 et
296 2358 345 2410 lati
363 2359 465 2426 rictus,
485 2369 513 2411 et
525 2360 618 2428 panda
630 2357 758 2427 loquenti

95 2428 177 2479 Naris
191 2437 268 2494 erat,
286 2444 488 2497 squamamque
503 2430 575 2480 cutis
590 2429 689 2479 durata
703 2425 842 2478 trahebat.

96 2500 135 2546 At
147 2496 243 2564 Libys,
262 2497 403 2550 obstantes
418 2496 486 2548 dum
500 2496 561 2549 vult
573 2498 719 2549 obvertere
731 2511 833 2560 remos,

98 2567 132 2616 ln
144 2567 260 2634 spatium
273 2565 381 2618 resilire
398 2584 496 2618 manus
509 2567 595 2618 breve
609 2565 696 2631 vidit,
715 2572 743 2614 et
753 2563 815 2613 illas

99 2637 159 2684 Iam
168 2651 225 2686 non
243 2652 301 2687 esse
313 2651 426 2701 manus,
440 2634 498 2686 iarn
510 2634 608 2703 pinnas
619 2650 699 2702 posse
710 2633 815 2684 vocari.

97 2702 194 2769 Alter,
212 2703 247 2755 ad
258 2705 377 2756 intortos
394 2705 510 2772 cupiens
523 2703 591 2755 dare
604 2702 721 2754 brachia
732 2701 824 2766 funes,

99 2771 215 2822 Brachia
227 2790 283 2824 non
298 2773 410 2838 habuit,
427 2783 585 2842 truncoque
599 2771 737 2839 repandus
749 2770 778 2821 in
791 2769 880 2823 undas

100 2842 222 2907 Corpore
236 2841 360 2894 desiluit:
379 2841 483 2894 sulcata
495 2842 644 2894 novissima
658 2840 748 2893 cauda
762 2848 815 2904 est,

99 2908 201 2971 Qualia
212 2910 338 2965 dividuae
350 2911 496 2963 sinuantur
508 2928 615 2963 cornua
628 2914 731 2964 Lunae.

99 2976 228 3046 Undique
241 2980 308 3032 dant
321 2980 422 3033 saltus:
440 2980 586 3050 multaque
601 2980 765 3049 adspergine
779 2985 892 3031 rorant:

98 3049 306 3118 Emerguntque
323 3049 438 3101 iterum:
456 3050 630 3118 redeuntque
644 3049 694 3100 sub
709 3064 832 3116 aequora
844 3063 955 3100 rursus:

99 3120 190 3184 Inque
201 3116 280 3170 chori
293 3118 402 3171 dudunt
415 3119 554 3186 speciem:
572 3118 731 3187 lascivaque
745 3117 852 3168 iactant

100 3187 240 3250 Corpora:
258 3196 286 3240 et
297 3195 447 3256 acceptum
461 3188 561 3256 patulis
572 3205 652 3239 mare
670 3186 781 3236 naribus
795 3188 900 3238 efflant.
922 3184 926 3189 ’

100 3255 143 3304 De
160 3253 241 3306 modo
254 3255 279 3307 vi
302 3257 365 3323 nti,
383 3265 426 3308 tot
440 3256 515 3308 enirn
526 3258 594 3308 ratis
608 3256 655 3307 illa
670 3254 789 3320 ferebat,
960 3317 963 3323 Δ

100 3321 249 3378 Restabant
260 3342 289 3377 so
302 3343 343 3378 us.
379 3324 526 3390 Pavidum,
544 3325 724 3394 gelidumque
737 3322 870 3383 trementi

100 3394 240 3462 Corpore,
256 3394 356 3465 virque
369 3411 464 3447 meum
476 3394 572 3447 iirmat
585 3394 669 3462 deus,
686 3396 805 3456 Excute,
823 3390 926 3452 dicans,
