2350 3834
133 193 177 259 28
317 230 319 233 ·
389 195 422 253 Ρ.
446 195 600 250 OVIDII
620 193 831 251 ‘Nasonis

202 345 332 412 Aequora
346 339 518 407 decrescunt,
537 347 566 393 et
579 340 616 392 eb
626 338 740 393 aethere
760 339 872 414 longius
882 343 1003 401 sawt?
1064 363 1066 371 ’

203 410 285 476 Quod
302 411 325 478 si
338 427 392 462 neo
405 410 510 478 fratris,
526 427 580 462 nec
593 418 624 462 te
637 427 701 463 mea
714 413 806 481 gratia
815 413 923 484 tangitg

200 487 237 533 At
247 479 321 533 coeli
334 479 467 537 miserere
480 479 530 533 tui.
552 479 742 549 Circumspice
757 489 924 552 utrumque;

131 549 184 606 295
199 552 302 603 Fumat
319 558 438 620 uterque
451 549 546 618 polus:
565 566 637 619 quos
648 551 671 600 si
683 550 823 602 vitiaverit
834 552 917 623 ignis,

195 619 277 671 ‘Atria
290 628 383 671 uestra
395 628 487 673 ruent.
505 619 581 670 Atlas
593 621 644 671 en!
655 619 718 688 vipse
732 620 852 687 laborat,

200 689 306 758 Vixque
320 688 374 740 suis
390 688 513 740 humeris
525 687 693 740 candentem
705 688 824 742 sustinet
833 706 923 745 uem.

198 757 321 824 sinete,
339 757 362 808 si
374 766 467 810 terrae
481 767 608 827 pereunt,
627 759 650 810 si
660 758 740 828 regie
754 758 841 824 coeli3

197 829 230 879 In
247 827 332 879 chaos
345 826 718 897 antiquumconfundimur.
734 828 819 898 Eripe
832 829 964 892 flammis,

34 954 39 967 ,
128 895 182 952 800
199 896 228 948 si
239 894 305 966 quid
318 896 410 949 adhuc
423 906 563 966 superest:
580 907 610 948 et
621 913 719 950 rerum
735 897 850 951 consule
864 915 1001 952 summae.

198 965 312 1018 Dixerat
324 966 394 1019 haec
410 967 519 1019 Tellus:
529 982 629 1036 *neque
646 966 721 1019 enim
738 967 862 1021 tolerare
872 984 1007 1039 vaporem

198 1035 321 1088 Ulterius
332 1035 439 1105 potuit,
459 1053 512 1089 nec
526 1035 622 1089 dicere
634 1036 732 1105 plura:
748 1052 887 1108 suumque

197 1105 303 1158 Retulit
316 1122 346 1157 os
360 1107 389 1157 in
401 1121 439 1170 se,
457 1105 649 1174 propioraque
662 1105 792 1158 manibus
805 1116 895 1162 anua.

232 1179 268 1227 At
281 1182 362 1243 pater
377 1174 564 1243 omnipotens,
577 1178 697 1243 Superos
711 1184 836 1243 testatus,
856 1185 884 1229 et
896 1177 998 1247 ipsam,
1018 1203 1020 1206 ·

127 1243 179 1302 305
197 1244 251 1308 Qui
264 1242 379 1295 dederat
390 1260 497 1310 currus,
515 1242 567 1294 nisi
581 1259 666 1311 opem
679 1243 763 1310 ferat,
781 1245 876 1297 omnia
886 1245 948 1298 fato

195 1313 346 1365 interitura
362 1312 451 1382 gravi,
472 1329 613 1364 summam
624 1312 695 1381 petit
705 1313 807 1364 arduus
820 1331 928 1382 arcem,

195 1382 275 1434 Unde
291 1381 365 1433 solet
374 1381 437 1432 latis
448 1381 536 1433 nubes
545 1381 679 1433 inducere
689 1384 780 1447 terris,

173 1463 181 1477 ¹
197 1450 278 1502 Unde
290 1460 386 1502 movet
398 1452 525 1513 tonitrus,
542 1451 707 1522 vibrataque
721 1450 842 1504 fulniina
853 1451 950 1507 iactat.

14 1546 16 1553 ι
107 1550 114 1555 -
195 1520 250 1571 Sed
260 1536 362 1590 neque,
381 1536 449 1590 quas
460 1528 554 1589 posset
566 1520 649 1571 terris
660 1520 803 1585 inducere,
820 1521 909 1574 nubes

125 1587 180 1646 310
195 1591 274 1642 'Iunc
286 1588 397 1641 habuit:
413 1604 476 1654 neo,
515 1589 655 1640 uoscoelo
668 1588 832 1656 dimitteret,
847 1589 962 1646 imbres.

135 1677 137 1684 ·
195 1662 316 1724 Intonat,
335 1667 363 1710 et
374 1657 472 1710 dextra
492 1657 512 1709 11
533 1666 626 1710 ratum
640 1658 750 1710 fulmen
764 1659 799 1711 ab
812 1675 882 1712 aure
924 1689 933 1701 ·

195 1728 271 1780 Misit
282 1728 313 1779 in
327 1728 470 1797 aurigam:
487 1727 649 1797 pariterque
660 1727 810 1797 animaque
820 1728 949 1801 rotisque

195 1796 316 1866 Expulit,
334 1804 362 1848 et
374 1796 462 1849 saeuis
476 1796 651 1865 compescuit
659 1796 771 1867 ignibus
784 1797 874 1868 ignes.

195 1869 415 1919 Consternantur
432 1865 512 1934 equi:
528 1875 557 1918 et
572 1865 646 1917 saltu
657 1865 688 1917 in
702 1867 845 1918 contraria
860 1867 939 1921 facto
993 1868 996 1872 ’

125 1934 177 1993 815
195 1935 273 1988 Colla
286 1937 353 2007 iugo
366 1935 519 2001 excutiunt,
538 1934 713 2004 abruptaque
726 1935 789 1987 lora
804 1935 977 2009 relinquunt.

119 2065 122 2070 ,
194 2005 255 2058 Illic
269 2004 352 2056 frena
363 2005 466 2071 iacent,
482 2003 541 2057 illic
554 2012 670 2056 temone
681 2005 807 2057 revulsus
951 2036 974 2045 ·-

193 2074 265 2138 Axis,
282 2073 380 2133 in‘hac
394 2074 467 2126 radii
481 2073 639 2126 fractarum
652 2083 732 2142 parte
744 2084 890 2128 rotarum:

194 2147 350 2213 Sparsaque
364 2152 430 2202 sunt
440 2144 499 2195 late
508 2143 598 2195 laceri
608 2143 724 2214 vestigia
735 2160 842 2198 currus.

193 2216 228 2264 At
239 2211 392 2278 Phaethon,
409 2212 508 2264 rutilos
517 2213 635 2265 flamma
646 2212 800 2282 populante
815 2213 942 2283 capillos,

124 2279 178 2337 820
194 2281 326 2336 Volvitur
340 2282 370 2332 in
382 2297 524 2351 praeceps,
542 2281 686 2353 longoque
703 2299 754 2350 per
768 2285 836 2335 aira
846 2291 959 2338 tractu

193 2350 308 2416 Fertur5
326 2360 358 2403 ut
371 2351 514 2404 interdum
527 2351 562 2404 de
575 2351 656 2403 coelo
669 2351 752 2403 stella
762 2368 872 2420 sereno,

192 2419 251 2474 Etsi
262 2437 320 2472 non
334 2420 448 2488 cecidit,
464 2420 557 2491 potuit
568 2420 700 2473 cecidisse
709 2421 807 2474 videri.

195 2495 286 2556 Quem
299 2489 404 2559 procul
417 2507 435 2542 a
446 2490 540 2560 patria
550 2490 659 2543 diverso
670 2487 808 2542 maximus
821 2491 891 2542 orbe

192 2560 300 2628 Excipit
311 2558 455 2625 Eridanus,
472 2560 687 2630 spumantiaque
701 2559 791 2612 abluit
806 2576 866 2614 ora.

123 2624 176 2683 325
227 2628 329 2681 Naides
347 2629 495 2699 Hesperiae
511 2629 608 2681 trifida
622 2629 763 2681 fumantia
774 2630 892 2681 flamma

194 2698 318 2768 Corpora
333 2699 400 2751 dant
409 2698 530 2766 tumulo,
547 2699 714 2770 signentque
727 2698 783 2751 boc
798 2699 922 2752 carmine
934 2713 1047 2755 mtuu:

193 2771 248 2821 Hic
258 2771 329 2821 situs
345 2784 386 2822 est
398 2772 549 2836 ΡΙιαὸιΙιοη,
568 2789 662 2822 currus
676 2772 910 2852 auriga-paterni:

195 2843 277 2906 Quem
295 2841 321 2890 si
334 2842 497 2903 nonnanis,
515 2841 623 2909 magnis
633 2852 724 2890 tanuen
734 2840 836 2890 euadit
848 2842 934 2892 aurio.

191 2908 266 2958 Nam
276 2915 358 2975 pater
374 2907 521 2971 obductos,
539 2906 618 2958 luctu
632 2904 799 2958 miserabilis
808 2922 905 2977 aegro.

122 2968 177 3026 380
194 2974 360 3028 Condiderat
373 2975 483 3028 uultus:
501 2983 530 3027 et
543 2976 566 3028 ai
579 2974 666 3028 modo
681 2975 830 3042 credimus,
846 2992 935 3035 unum

198 3048 253 3096 Isse
267 3044 343 3096 diem
356 3045 414 3097 sine
428 3045 491 3097 Sole
504 3045 608 3098 ferunt.
626 3043 761 3097 incendia
768 3044 866 3097 lumen

133 3104 144 3131 s
191 3113 382 3167 Praebebunt:
400 3114 555 3185 aliquisque
564 3114 641 3166 malo
655 3114 714 3166 fuit
723 3129 788 3165 rasus
803 3114 834 3165 in
847 3113 906 3168 illo.
979 3146 982 3153 ι

191 3188 227 3234 At
241 3183 371 3251 Clymene
385 3194 535 3253 postquam
547 3183 625 3251 dixit,
643 3198 826 3253 quaecunque
839 3183 957 3237 fuenmt

192 3255 225 3304 In
236 3253 321 3304 tantis
331 3253 450 3306 dicenda
465 3252 560 3317 malia;
577 3253 705 3324 lugubris
718 3260 748 3303 et
757 3266 865 3320 amens,

122 3317 225 3378 835'Et
238 3320 343 3377 laniata
358 3324 432 3378 sinus
446 3331 541 3378 totum
552 3321 723 3396 percensuit
732 3322 847 3389 orbem
871 3364 875 3369 .
976 3364 979 3371 .
