2350 3834
5 150 7 201 l

4 204 7 337 l

123 200 164 265 14
376 206 408 262 e.
430 170 578 262 ov1u11'
598 208 797 266 ussoms

190 354 268 423 Eque
284 349 440 422 sagittifera
455 351 574 421 promsit
593 351 650 423 duo
665 353 724 405 tela
740 354 874 424 phuetra

189 424 370 475 Diversorum
386 438 517 491 operum:
535 422 616 491 fugat
632 423 696 489 hoc,
714 423 784 475 facit
800 424 872 475 illud
889 441 1026 482 amorem.

120 493 174 550 470
191 490 274 555 Quod
290 489 376 557 facit,
395 501 525 543 auratum
542 499 599 557 est,
618 500 646 544 et
664 493 776 562 cuspide
793 492 884 564 fulget
901 492 998 548 acuta:

192 560 273 624 Quod
280 560 369 631 fugat,
384 561 517 612 obtusum
526 568 576 627 est,
593 560 712 614 ethahet
720 563 770 614 sub
779 562 914 616 arundine
921 565 1080 634 plumbum.

190 633 251 683 Hoc
269 631 336 685 deus
353 629 529 700 inNympha
545 630 753 695 Peneide-fixit3
773 639 802 682 at
819 631 869 685 illo

137 766 139 769 v
189 698 283 753 Laesit
298 697 456 768 Apollineas
472 700 590 751 traiecta
606 716 658 770 per
676 717 736 752 ossa
752 700 899 753 medullas.

189 767 319 822 Protinus
336 767 408 821 alter
425 777 515 831 amat;
532 768 608 838 fugit
624 769 713 821 altera
729 786 834 821 nomen
849 771 975 839 amantis,

119 840 172 897 475
190 838 328 891 Silvarum
344 837 475 905 latebris,
493 839 722 908 captivarumque
739 838 866 892 feramm

190 908 296 961 Exuviis
314 906 451 978 gaudens,
468 907 660 978 innuptaeque
678 908 789 961 aemula
805 907 939 963 Phoebes.

188 978 266 1029 Vitta
281 977 436 1030 oo‘e‘rcehat
448 977 554 1046 positos
571 977 630 1030 sine
647 977 710 1048 lege
728 977 853 1048 capillos.

189 1046 271 1099 Multi
287 1046 368 1099 illam
382 1047 503 1116 petiere:
520 1045 571 1098 illa
585 1056 712 1098 aversata
728 1048 863 1116 petentes,

187 1115 336 1185 Impatiens
353 1132 504 1186 expersque
521 1115 588 1181 viri,
606 1133 756 1168 nemorum
773 1116 835 1168 avia
851 1115 960 1183 lustrat,

117 1186 172 1245 480
188 1188 247 1238 Nec
262 1185 329 1255 quid
342 1188 464 1254 Hymen,
483 1183 550 1253 quid
562 1187 658 1251 Amor,
677 1185 743 1264 quid
757 1186 813 1236 sint
825 1187 975 1254 connubia,
989 1195 1081 1241 curat.

100 1306 108 1316 ,
189 1258 276 1324 Saepe
291 1261 373 1324 pater
390 1252 472 1306 dixit:
491 1255 633 1304 Generum
651 1254 735 1320 milu,
753 1254 826 1320 lilia,
847 1253 940 1307 debes.

188 1327 275 1394 Saepe
292 1330 373 1392 pater
390 1322 472 1373 dixit:
490 1322 580 1373 Debes
598 1321 685 1388 mihi,
703 1331 785 1389 nata,
803 1330 930 1391 nepotes.

187 1392 256 1456 Illa,
272 1391 349 1443 velut
366 1391 490 1456 crimen,
508 1390 604 1442 taedas
622 1407 705 1444 exosa
720 1391 834 1462 iugales,

186 1461 287 1514 Pulcra
303 1460 468 1513 verecundo·
480 1460 649 1512 suffunditur
666 1477 717 1511 ora
732 1462 851 1523 rubore3

116 1529 170 1587 486
189 1535 275 1600 Inque
292 1530 379 1597 patris
396 1529 506 1581 blandis
523 1529 642 1581 haerens
660 1529 769 1583 cervice
784 1528 906 1596 lacertis,

186 1602 228 1652 Da
245 1598 314 1650 mihi
326 1607 479 1667 perpetua,
518 1600 610 1650 enitor
627 1599 782 1663 carissime,
803 1598 880 1664 dixit,

186 1668 351 1739 virginitate
368 1668 438 1719 frui:
456 1666 489 1718 de
510 1668 532 1718 it
548 1667 604 1720 hoc
621 1676 703 1737 pater
717 1676 782 1719 ante
799 1669 912 1719 Dianae.

115 1766 119 1771 ·
185 1737 236 1790 Ille
251 1737 364 1808 quidem
376 1737 553 1806 obsequitur:
571 1735 622 1788 sed
637 1745 666 1789 te
679 1737 765 1789 decor
779 1737 847 1802 iste,
866 1734 944 1806 quod
954 1745 1042 1806 optas,

186 1809 251 1859 Esse
267 1814 359 1858 vetat:
380 1814 503 1887 votoque
520 1814 570 1857 tuo
587 1815 638 1858 tua
653 1806 748 1858 forma
764 1814 912 1876 repugnat.

116 1874 170 1933 490
186 1875 312 1947 Phoebus
329 1883 420 1941 amat,
435 1891 566 1945 visaeque
584 1876 661 1944 cupit
678 1876 817 1927 connubia
835 1874 976 1995 Daphnes:

187 1947 319 2014 Quaeque
338 1944 422 2014 cupit,
439 1952 550 2013 sperat:
568 1960 674 2016 suaque
691 1945 772 1997 illum
791 1961 877 1997 oracu
889 1961 906 1996 a
922 1942 1042 1999 fallunt:

187 2018 278 2084 thue
295 2012 369 2066 leves
386 2013 504 2082 stipulae
522 2012 623 2066 demtis
641 2014 790 2066 adolentur
807 2014 914 2078 aristis3

185 2087 223 2135 Ut
241 2081 348 2135 facibus
366 2098 444 2152 sepes
462 2083 575 2148 ardent,
595 2099 664 2153 quas
681 2082 757 2135 forte
779 2084 871 2134 viator

185 2152 236 2205 Vel
253 2152 335 2207 nimis
353 2151 492 2216 admovit,
510 2151 631 2204 veliam
648 2152 699 2204 suh
716 2152 781 2204 luce
797 2151 926 2221 reliquit;

115 2220 168 2279 49⁵
185 2221 230 2272 Sic
248 2221 315 2273 deus
332 2221 360 2272 in
378 2221 508 2272 flammas
527 2221 609 2272 abiit:
628 2221 667 2272 sic
685 2230 800 2289 pectore
817 2229 877 2273 toto
964 2232 967 2237 '

184 2290 297 2357 Uritur,
317 2299 346 2340 et
363 2290 488 2342 sterilem
505 2305 517 2340 s
538 2289 643 2340 erando
661 2291 751 2341 nutrit
768 2306 903 2341 amorem.

183 2362 298 2427 Spectat
313 2358 455 2411 inornatos
473 2307 547 2411 collo
564 2358 688 2427 pendere
709 2358 833 2427 capillos,

184 2431 226 2493 Et,
247 2427 340 2491 Quid?
357 2427 381 2479 si
398 2426 569 2480 comantur?
587 2427 633 2480 ait.
652 2427 754 2479 videti
774 2445 809 2480 ue
826 2427 965 2479 micantes

184 2497 325 2549 Sideribus
342 2496 445 2550 similes
463 2495 572 2550 oculos:
592 2496 669 2548 videt
687 2446 796 2563 osenia,
815 2513 887 2566 quae
903 2514 961 2548 non
1042 2516 1044 2519 ·

115 2566 169 2622 500
184 2568 231 2618 Est
247 2566 347 2618 vidisse
363 2566 444 2620 satis.¹
472 2565 580 2621 Laudat
597 2566 768 2638 digitosque,
784 2582 949 2634 manusque,

184 2635 372 2704 Brachioque,
392 2644 420 2687 et
435 2636 526 2687 nudos
543 2635 638 2688 media
654 2636 717 2706 plus
733 2644 812 2703 parte
830 2636 961 2688 lacertos.

185 2703 215 2755 si
231 2714 286 2774 qua
302 2702 399 2771 latent,
419 2705 539 2756 meliora
554 2712 645 2773 putat.
679 2706 762 2785 Fugit
779 2705 858 2757 ocior
875 2720 944 2755 aura

184 2772 236 2825 Illa
252 2772 323 2824 levi:
340 2773 485 2842 nequead
500 2774 572 2825 haec
588 2782 746 2826 revocantis
763 2775 849 2826 verba
865 2772 982 2826 resistit:

183 2841 327 2911 Nympha,
342 2858 460 2911 precor,
479 2844 579 2908 Penei,
597 2858 695 2896 mane:
712 2859 770 2896 uon
787 2844 919 2911 insequor
935 2842 1038 2896 hostis:

115 2911 168 2969 506
184 2910 330 2981 Nympha,
346 2928 437 2964 mane.
462 2912 508 2964 Sic
526 2924 599 2992 agna
615 2912 722 2982 lupum,
740 2913 781 2965 sic
798 2928 883 2964 cerva
899 2912 1022 2979 leonem,

184 2980 229 3033 tic
242 2979 367 3050 aquilam
383 2996 476 3052 penna
492 2981 607 3053 fugiunt
622 2982 784 3051 trepidante
802 2981 959 3047 columbae,
1062 3004 1064 3007 ’
1170 3004 1172 3041 ς

184 3051 283 3102 Hostes
301 3063 427 3121 quaeque
444 3066 523 3103 suos:
542 3067 623 3103 amor
639 3059 680 3103 est
696 3051 766 3103 mihi
784 3067 868 3109 causa
886 3050 1029 3133 sequendi.

184 3120 230 3171 Me
246 3117 393 3173 miserum!
411 3136 448 3173 ne
464 3137 555 3189 prona
572 3120 670 3186 cadas,
688 3119 837 3191 indignave
853 3120 928 3173 laeda

184 3188 272 3240 Crura
288 3197 384 3243 secent
401 3198 507 3255 sentes,
526 3190 622 3242 etaim
638 3190 691 3242 tibi
707 3207 790 3242 causa
807 3189 921 3243 doloris.

114 3257 167 3314 510
183 3260 302 3325 Aspera,
320 3275 376 3328 qua
392 3274 541 3328 properas,
558 3258 623 3313 loca
640 3267 719 3311 sunt:
736 3258 923 3326 moderatius,
941 3275 1003 3329 oro,

183 3326 288 3394 θεῖτο,
305 3325 459 3400 fugamque
475 3326 586 3382 inhibe:
604 3329 773 3384 moderatius
789 3329 920 3400 insequar
936 3329 1006 3401 ipse.
