2350 3834
258 225 712 283 METAMORPHOSEON
732 227 817 282 LIB.
838 228 885 281 tv.
1006 229 1050 294 65

84 375 114 426 Si
128 380 231 443 queat,
247 371 279 423 in
293 371 389 424 virum
401 380 494 425 tentat
506 388 642 426 revocare
656 373 799 440 calorem3
892 437 894 440 Α

83 444 156 509 Sed,
176 441 313 512 quoniam
326 442 516 495 tantiafatum
532 444 677 494 conatibus
690 445 790 507 obstat·

83 515 211 565 Nectare
224 511 345 563 adorato
355 512 461 583 spargit
471 529 630 582 corpusque
647 513 808 582 locumque,

83 581 234 650 Multaque
249 590 445 651 praequestus,
463 585 573 653 Tangcs
586 591 683 634 tamen
697 584 825 653 aethera,
844 582 923 640 dixit.

82 651 218 703 Protinus
231 651 372 702 imbutum
386 650 499 703 coelesti
513 661 629 703 nectare
641 669 744 721 corpus

82 719 223 785 Delicuit,
241 728 405 788 terramque
416 737 466 772 suo
481 720 635 772 madefecit
652 721 756 774 odores

83 790 231 859 virgaque
242 805 294 857 per
305 789 399 859 glebas
414 788 517 840 sensim
528 788 669 841 radicibus
684 791 753 842 actis

24 920 27 927 Ι
82 861 181 911 Turea
193 859 331 925 surrexit,
349 858 547 927 tumulumque
559 860 705 911 cacumine
721 859 807 928 rupit.

118 933 156 978 At
170 927 295 995 Clytien,
314 928 439 997 quamvis
452 945 532 980 amor
546 945 677 980 excusare
692 928 830 996 dolorem,

83 994 284 1065 Indiciumque
297 996 379 1048 dolor
390 1007 517 1065 poterat,
535 1015 594 1057 non
606 997 724 1065 amplius
739 1008 840 1050 auctor

83 1066 169 1118 Lucis
182 1065 256 1117 adit:
275 1068 446 1136 Venerisque
458 1066 577 1119 modum
592 1067 644 1119 sibi
656 1066 727 1118 fecit
737 1067 836 1122 inille.

83 1135 190 1187 Tabuit
201 1150 236 1186 ex
247 1134 298 1186 illo
312 1136 457 1187 dementer
470 1137 612 1188 amoribus
626 1153 686 1203 usa,

84 1204 286 1273 Nympharum
296 1204 456 1273 impatiens3
475 1214 504 1258 et
514 1207 564 1258 sub
577 1209 660 1272 Iove,
675 1214 762 1257 nocte
776 1205 886 1277 dieque,

85 1273 163 1326 Sedit
175 1275 263 1325 humo
276 1274 368 1340 nuda,
386 1274 468 1326 nudis
480 1275 606 1326 incomta
617 1275 734 1344 capillis.

83 1345 195 1413 Perque
209 1360 313 1395 novem
327 1344 404 1395 luces
419 1360 515 1412 expers
526 1346 675 1414 undaeque
686 1344 808 1414 cibique,

84 1415 161 1464 Rore
173 1430 270 1473 mero,
288 1413 466 1482 lacrimisque
477 1414 534 1464 suia
546 1414 651 1465 ieiunia
664 1414 755 1483 pavit:

85 1484 146 1534 Nec
158 1499 188 1533 se
206 1482 296 1537 movit
311 1482 413 1535 humo:
431 1491 540 1533 tantum
555 1484 705 1551 spectabat
715 1483 806 1535 euntis

85 1622 216 1673 Membra
228 1569 455 1673 femntrppaeepiqpq
467 1552 850 1689 lslgqtphlpprppnqllplqnfflm

85 1691 205 1742 Luridus
217 1690 368 1758 exsangues
384 1690 477 1759 pallor
488 1691 626 1742 convertit
640 1691 669 1741 in
678 1639 789 1742 tderbes.
812 1692 814 1699 “

85 1762 133 1811 Est
145 1759 176 1810 in
190 1768 272 1828 parte
285 1759 388 1811 rubor:
406 1759 553 1828 violaeque
566 1759 724 1811 simillimus
737 1775 789 1810 ora

85 1827 150 1881 Flos
162 1830 242 1899 tegit.
277 1826 330 1878 Illa
343 1844 439 1895 suum,
457 1830 582 1897 quamvis
594 1828 689 1880 radice
702 1836 826 1894 tenetur,-

85 1897 265 1951 Vertiturad
280 1897 388 1948 Solem:
407 1906 569 1979 mutataque
586 1906 678 1949 servat
696 1912 833 1951 amorem.
897 1922 949 1969 μ

118 1968 248 2021 Dixerat:
270 1975 298 2017 et
310 1966 420 2018 factum
432 1967 562 2018 mirabile
575 1975 689 2036 ceperat
702 1982 793 2019 aures.

84 2037 151 2087 Pars
163 2036 228 2088 fieri
243 2036 365 2104 potuisse
378 2045 498 2105 negant;
516 2052 581 2104 pars
599 2036 693 2088 omnia
708 2051 790 2086 veros

84 2107 168 2158 Posse
180 2105 247 2157 deos
261 2114 436 2169 memorant3
454 2105 504 2156 sed
517 2122 575 2157 non
587 2114 630 2157 est
641 2104 765 2156 Bacchus
776 2103 806 2154 in
817 2102 882 2158 illia.

85 2174 213 2227 Poscitur
224 2173 365 2239 Alcithoe,
383 2181 533 2242 postquam
548 2175 649 2227 siluere
665 2189 792 2225 sorores:

86 2247 165 2307 Quae
182 2243 263 2296 radio
276 2242 372 2308 stantis
383 2259 550 2311 percurrens
563 2242 684 2296 stamina
696 2242 780 2310 telae,

85 2314 138 2364 Vul
161 2322 220 2364 atos
233 2311 330 2373 taceo,
349 2311 435 2378 dixit,
450 2312 571 2380 pastoris
587 2330 699 2375 ¹amores

86 2331 239 2450 llaplnidis
251 2380 340 2447 Idaei,
359 2397 443 2450 quern
456 2382 583 2449 Nympha
596 2382 706 2451 pellicis
720 2380 764 2432 ira

87 2451 211 2502 Contulit
223 2452 252 2501 in
266 2466 378 2501 saxum:
395 2459 489 2501 tantus
501 2450 584 2502 dolor
595 2452 652 2502 urit
664 2459 801 2502 amantes.

87 2523 145 2572 Nec
158 2521 276 2589 loquor,
294 2527 326 2570 ut
343 2519 485 2588 quondam
496 2529 614 2575 naturae
626 2520 688 2572 iure
701 2527 805 2571 novato

86 2589 241 2659 ambiguus
255 2587 343 2640 fuerit
358 2589 445 2641 modo
459 2590 516 2656 vir,
532 2590 619 2657 modo
635 2589 757 2652 femina,
775 2586 908 2655 Scythen.

87 2661 126 2710 'le
138 2660 267 2728 quoque,
286 2674 362 2709 nunc
375 2657 504 2723 adamas,
522 2659 665 2728 qriondam
680 2657 813 2709 fidissime
829 2672 926 2727 parvo,

89 2727 190 2795 calmi,
209 2727 284 2780 Iovi:
300 2726 437 2798 largoque
452 2736 527 2779 satos
541 2730 655 2780 Curetas
669 2728 704 2779 ab
719 2726 812 2791 imbri,

87 2799 119 2848 Et
133 2798 242 2850 Crocon
257 2798 288 2847 in
301 2812 402 2863 parvos
413 2814 526 2849 versum
536 2814 606 2850 curn
619 2796 737 2848 Smilace
751 2796 846 2864 flores,

87 2867 252 2919 haetereo:
271 2864 403 2946 dulcique
416 2866 524 2919 animos
538 2866 663 2919 novitate
674 2866 787 2918 tenebo.

120 2936 201 2988 Unde
214 2935 250 2987 sit
262 2933 391 2999 infamis,
409 2951 495 3004 quare
506 2936 580 2988 mala
597 2936 718 2988 fortibus
731 2935 813 2987 undis
844 2968 846 2977 ι

87 3004 219 3057 Salmacis
234 3012 362 3069 enervet,
381 3011 531 3074 tactosque
543 3006 686 3059 remolliat
702 3013 789 3069 artua,

86 3073 198 3127 Discite.
232 3074 321 3141 Causa
332 3073 417 3125 latet:
435 3074 476 3125 ris
490 3083 533 3125 est
544 3076 688 3127 notissima
700 3075 797 3130 fontis.

86 3141 226 3194 Mercurio
239 3157 361 3210 puerum
379 3141 441 3193 diva
454 3142 623 3212 Cythereide
636 3152 737 3197 natum

85 3210 187 3264 Naides
201 3210 291 3263 Idaeis
303 3210 461 3263 enutrivere
477 3213 528 3265 auh
544 3214 646 3279 autris;

87 3280 169 3331 Cuius
183 3280 363 3348 eratfacies‚
387 3280 418 3332 in
431 3297 487 3350 qua
503 3282 649 3353 materque
660 3291 797 3352 paterque

88 3350 225 3422 Cognosei
237 3359 367 3421 possent:
382 3366 489 3405 nomen
505 3369 618 3426 quoque
630 3352 716 3407 traxit
725 3348 841 3413 abillis.

86 1556 142 1603 Ora
153 1551 211 1618 dei,
230 1551 322 1602 vultus
