2350 3834
243 221 691 281 Merauoaeaossou
718 194 802 283 rra.
824 225 860 281 u
989 225 1030 288 35

70 371 184 423 Laurea
198 366 378 438 delapsa-est,
396 369 492 423 audita
505 368 633 436 admisse,
652 368 772 423 amanti:
948 416 952 422 a
980 373 1032 428 600

71 443 109 491 Et
120 439 231 508 pariter
241 436 389 508 cultisque
404 439 466 505 deo,
481 438 686 508 plectrumque,
703 439 839 510 colorque

70 507 193 563 Excidit.
219 510 312 577 thue
326 509 435 561 mimus
449 507 556 561 tumida
571 508 751 561 fervebatab
763 509 820 571 ira;

71 582 162 630 Arma
175 585 285 635 usmeta
295 572 376 647 rapit,
391 577 553 647 flexumque
568 594 586 629 a
599 576 732 629 cornibus
743 594 842 635 arcum

71 645 187 713 Tendit,
205 655 234 701 et
247 645 296 699 illa
305 662 357 698 suc
368 647 453 700 toties
467 664 533 701 cum
548 654 665 716 pectore
674 647 772 700 iuncta
850 682 852 687 -

71 714 233 775 indevitato
243 715 355 768 traiecit
365 725 483 784 pectora
495 716 564 771 telo.
979 718 1032 775 605

72 788 134 837 Icta
147 783 227 836 dedit
238 785 382 854 gemitum.
399 793 548 855 tractoque
563 801 580 836 a
593 784 809 849 sulcensem,

74 852 202 906 Candida
213 853 334 922 puniceo
345 850 470 923 perfudit
484 854 615 907 membra
627 870 736 921 cruore,

72 925 110 976 Et
122 922 207 983 dixit„
216 923 301 977 Potui
317 940 421 992 poenas
433 924 494 991 tibi,
511 923 630 984 Phoebe,
648 922 765 990 dedisse,

73 991 131 1044 Sed
143 992 287 1062 peperisse
302 992 391 1061 prius:
408 991 465 1045 duc
478 1009 555 1045 name
568 992 725 1044 moriemur
734 992 844 1049 iruna.

73 1063 234 1125 Hactenus3
254 1070 282 1119 et
297 1062 403 1130 pariter
413 1061 501 1114 vitam
516 1078 584 1113 cum
598 1061 733 1132 sangiune
744 1060 829 1117 fudit.
922 1062 931 1077 '
980 1063 1034 1120 610

75 1133 182 1200 Corpus
196 1129 282 1183 inane
295 1130 406 1185 aniciae
417 1130 508 1202 frigus
519 1130 604 1184 letale
616 1139 743 1183 secutum
757 1140 806 1184 est.

111 1198 240 1252 Paenitet
249 1199 320 1253 baut
336 1216 402 1253 sero
414 1216 524 1269 poenae
536 1199 657 1252 crudelis
671 1207 833 1253 amantem:

75 1269 273 1349 Sequa,quod
285 1268 414 1331 audierit,
432 1268 508 1339 quod
521 1270 561 1322 sic
575 1269 715 1334 exarserit,
734 1268 809 1321 odit:

76 1337 142 1390 Odit
156 1353 250 1398 avem.
262 1355 314 1408 per
328 1355 414 1407 quam
429 1339 538 1393 crimen
551 1355 719 1409 causamque
733 1335 848 1390 dolendi

76 1408 154 1461 Scire
165 1414 367 1465 coactuserat:
384 1424 566 1478 nervumque,
583 1422 744 1478 arcumque,
761 1421 934 1478 manumque
982 1407 1033 1464 615

77 1476 150 1542 Odit,
168 1493 292 1546 cumque
304 1493 390 1535 manu
400 1477 552 1531 temermia
564 1477 633 1542 tela,
649 1478 772 1548 sagittas.

77 1545 292 1615 Collapsamque
305 1546 391 1607 fovet,
407 1562 525 1617 seraque
539 1563 593 1616 cpe
605 1546 718 1613 vincare
732 1546 792 1599 fata

76 1615 193 1683 Nititur,
211 1623 241 1668 et
254 1614 378 1671 medicas
390 1624 501 1669 exercet
513 1615 636 1671 inaniter
648 1624 731 1669 artes.

78 1688 156 1748 Quae
168 1692 321 1757 postquam
331 1684 436 1738 frustra
445 1693 561 1751 tentata,
577 1700 735 1755 rogumque
748 1683 844 1754 parari

79 1755 229 1821 teneaat
242 1769 353 1807 arsuroe
365 1754 505 1824 supremis
518 1753 629 1824 ignibus
641 1762 731 1819 artus3
980 1752 1035 1809 620

77 1824 149 1877 Tum
164 1839 235 1876 vero
248 1822 378 1894 gemitus,
395 1823 578 1893 nequeenim
589 1822 725 1875 coelestia
740 1821 814 1894 tingi

78 1896 132 1945 Ora
143 1892 217 1946 licet
229 1891 362 1958 lacrimis,
379 1892 440 1945 altc
451 1891 486 1945 de
501 1892 587 1946 corde
599 1892 701 1961 petitos

77 1954 188 2015 Edidits
204 1960 283 2015 baud
294 1960 387 2028 aliter,
405 1978 491 2031 quam
505 1977 580 2027 cum,
599 1977 611 2012 s
632 1968 743 2014 ectante
754 1960 883 2029 iuvenca,

77 2031 222 2089 Lactentis
236 2029 327 2091 vituli,
343 2031 439 2083 dextra
452 2031 569 2083 libratus
581 2047 598 2081 a
631 2047 707 2096 aure,

15 2124 18 2137 =
77 2101 219 2171 Tempora
231 2099 359 2157 discussit
369 2100 447 2153 clarc
462 2114 531 2153 cava
545 2098 662 2151 malleus
672 2099 741 2157 ictu

79 2173 114 2221 Ut
125 2179 227 2222 tamen
239 2169 364 2239 ingratos
375 2169 405 2223 in
417 2177 534 2238 pectora
545 2168 620 2221 fudit
633 2167 741 2233 odores,

77 2239 111 2291 Et
122 2237 202 2292 dedit
211 2238 368 2307 amplexis,
383 2238 540 2309 iniustaque
551 2238 623 2290 iusta
635 2238 758 2310 peragite

78 2309 141 2361 Non
160 2305 272 2359 tulitin
285 2306 392 2361 cineres
403 2307 462 2362 labi
474 2324 525 2361 sua
536 2307 663 2364 Phoebus
678 2308 792 2360 eosdem

79 2377 205 2430 demina:
222 2372 274 2430 aad
283 2384 384 2428 uatum
397 2376 520 2428 flammis
533 2385 671 2446 uteroque
684 2373 807 2445 parentis

78 2446 194 2516 Eripuit,
211 2445 372 2527 gemituque
386 2445 451 2498 tulit
464 2446 588 2504 Chircma
601 2446 632 2497 iu
646 2454 767 2503 antrum.
983 2439 1038 2497 630

81 2518 246 2584 sperantem
286 2514 371 2581 serbi
382 2531 440 2567 non
451 2515 539 2567 falsae
552 2515 678 2584 praemia
693 2513 808 2585 Engtaae
972 2558 974 2563 ,

81 2586 155 2637 luter
167 2600 232 2641 aves
336 2583 579 2636 teudtccnsidere
593 2598 719 2636 corvum.

114 2653 237 2713 Semifer
248 2653 358 2707 interea
369 2651 479 2705 divinae
492 2652 585 2721 stirpis
599 2652 712 2704 alumno

82 2723 182 2776 Laetus
193 2729 267 2788 erat,
282 2721 323 2773 mi
407 2739 423 2774 a
437 2722 518 2775 oneri
530 2720 672 2792 gaudebat
685 2721 802 2779 honore.

82 2792 170 2845 Eccel
188 2789 366 2856 venitrutilis
399 2807 512 2844 umeros
523 2799 651 2860 protecta
664 2788 771 2858 capillis
984 2789 1038 2848 685

82 2861 150 2913 Filia
162 2860 308 2913 Cenuuri:
365 2874 411 2911 am
429 2859 572 2930 quondam
585 2858 714 2930 Nympha
728 2856 864 2929 Chariclo,

84 2929 216 2990 Fluminis
227 2929 257 2982 in
264 2928 326 2999 rapi
348 2928 353 2941 '
363 2929 430 3000 ripis
441 2929 530 2996 enixa,
546 2929 658 2982 vocavit

85 2999 239 3080 Ocytho'e‘n.
258 2999 322 3050 Non
333 2997 404 3053 haec
417 3006 493 3052 artes
501 3007 635 3052 contenta
668 3005 778 3051 aternu

84 3067 316 3122 Edidicisseiuit:
333 3066 458 3119 fetorum
468 3084 572 3121 arcana
585 3085 654 3122 cane
674 3076 713 3122 at.

86 3138 155 3208 Ergo
168 3134 219 3190 ubi
229 3135 361 3189 fatidicos
373 3153 444 3191 conc
480 3137 504 3188 it
514 3146 608 3191 mente
623 3137 744 3204 furores,
982 3129 1038 3184 640

85 3205 258 3276 Incaluitque
269 3203 334 3273 deo,
352 3221 437 3274 quem
449 3222 574 3265 causum
586 3215 702 3275 pectore
714 3202 835 3265 habebat
841 3218 854 3273 3

26 3318 27 3323 ,
87 3273 210 3344 Adspicit
221 3274 370 3340 infantam,
387 3274 505 3346 Totique
516 3275 644 3328 salutifer
656 3276 719 3328 orbi

88 3344 186 3398 cresce
195 3359 276 3417 puer,
291 3342 375 3401 disits
392 3343 445 3399 tibi
457 3361 487 3399 se
498 3345 630 3399 mortalia
639 3360 723 3417 saepe
