2350 3834
155 191 216 254 120
263 189 271 196 ”
425 192 457 263 Ρ,
478 189 837 246 ov1a11uasou1s

152 338 205 393 380
220 339 255 387 At
266 334 391 406 genetrix
405 334 501 403 Hyrie,
518 332 620 386 servati
633 332 735 402 nescia,
753 332 847 388 flendo
962 389 965 396 ,

61 419 65 430 ’
220 406 352 458 Delicuit:
370 413 412 455 sta
433 420 556 473 numque
569 420 620 453 suo
636 402 669 452 de
685 401 800 453 nomine
820 402 897 455 fecit.

221 473 338 526 Adiacet
350 473 391 524 his
405 422 539 525 lieuron:
558 472 593 523 in.
601 488 655 541 qua
666 469 867 540 trepidantibus
880 471 931 524 alis

128 571 133 582 v
221 542 321 611 Ophias
335 542 434 614 effugit
444 551 578 598 natorum
591 540 706 592 vulnera
721 540 833 593 Combe.

222 605 455 663 lade‘calaureae
462 610 592 662 Letoidos
607 608 725 677 adspicit
738 626 811 676 arva,

153 681 205 735 885
222 683 253 732 ln
267 680 414 732 volucrem
425 681 497 734 versi
510 697 575 732 cum
586 678 705 748 coniuge
718 679 830 730 conscia
845 678 928 748 regis.
956 711 962 722 ι

221 752 341 800 Dextera
355 749 466 817 Cyllene
478 758 534 801 est:
552 748 583 799 in
599 764 653 817 qua
668 764 734 800 cum
746 755 836 798 matre
848 746 1019 816 Menephron

221 818 423 872 Concubiturus
437 826 505 884 erat,
517 834 663 869 saevarum
678 833 757 868 more
770 815 903 870 ferarum.

223 886 358 955 Cephison
372 887 473 954 procul
485 887 551 939 hinc
566 886 717 940 deflentem
731 885 790 937 fate
802 885 911 954 nepotis

204 995 208 1000 -
222 955 346 1024 Respicit
358 956 388 1007 in
399 955 537 1008 tumidam
548 955 660 1024 phocen
676 955 711 1006 ab
723 954 850 1023 Apolline
864 954 952 1008 versi:

153 1024 206 1081 390
222 1025 385 1094 Eumelique
394 1025 516 1088 ,domum
530 1024 651 1094 lugentis
666 1024 695 1074 in
707 1026 772 1075 aere
787 1031 892 1085 natam,

221 1094 348 1146 Tandem
360 1092 479 1163 vipereis
491 1094 619 1161 Ephyren
632 1092 759 1146 Pirenida
772 1092 870 1160 pennis

222 1163 353 1233 Contigit.
388 1164 440 1215 Hic
455 1180 522 1213 aevo
538 1171 647 1213 veteres
660 1161 794 1212 mortalia
808 1161 908 1228 primo

223 1233 346 1300 Corpora
359 1232 508 1301 vulgarunt
530 1226 699 1300 pluvialibus
715 1230 789 1281 edita
802 1230 903 1300 fungis.

222 1300 276 1353 Sed
282 1308 437 1369 postquam
450 1299 558 1351 Colchis
574 1299 641 1350 arsit
653 1316 727 1350 nova
742 1308 831 1367 nupta
845 1298 964 1365 venenis,

153 1369 209 1425 895
221 1370 453 1439 Flagranternque
470 1367 585 1419 domum
594 1384 624 1418 re
645 1366 667 1418 is
681 1384 759 1419 mare
771 1367 841 1420 vidit
855 1376 1022 1439 utrumque;

222 1438 360 1508 Sangarine
373 1446 506 1488 natorum
517 1384 696 1505 perfunditur
706 1437 745 1500 im
765 1438 807 1489 ius
823 1437 909 1489 ensis:

226 1507 355 1576 [Ultaque
366 1521 395 1558 se
408 1505 482 1558 mele
495 1514 594 1569 mater,
613 1506 716 1557 liisonis
730 1455 828 1576 edugit
844 1505 960 1575 arma.].
1001 1555 1004 1560 ,

223 1576 295 1627 Hinc
308 1575 458 1627 Titaniacis
471 1574 566 1633 ablata
581 1573 758 1640 draconibus,
776 1576 864 1627 intrat

222 1644 357 1697 Palladias
371 1661 462 1696 arces:
481 1660 552 1723 quae
565 1652 603 1708 te,
619 1644 770 1698 iustissima
782 1644 869 1709 Phini,
941 1706 946 1714 υ
961 1647 964 1650 ’

154 1715 208 1771 400
223 1715 326 1781 Teque,
343 1727 426 1766 senex
437 1712 563 1780 Peripha,
580 1713 688 1781 pariter
702 1713 796 1764 videre
809 1712 944 1779 volantes,

223 1783 404 1852 Innixamque
410 1781 488 1833 novis
502 1790 616 1850 neptem
630 1782 823 1850 Polypemonis
836 1781 894 1834 alis.

223 1852 330 1920 Excipit
341 1851 415 1903 hanc
429 1856 543 1920 Aegeus,
561 1850 639 1903 facto
655 1849 827 1902 damnandus
840 1852 869 1902 in
882 1866 952 1903 uno:

222 1921 359 1973 Nee-satis
372 1920 526 1989 hospitium
540 1928 590 1985 est,
608 1919 725 1971 thalami
742 1937 853 1989 quoque
872 1918 989 1972 foedere
1009 1919 1106 1991 iungit.

182 2019 185 2023 ·
223 1993 339 2058 lamque
352 1988 450 2041 aderat
462 1989 592 2054 Theseus,
609 1989 703 2058 proles
714 1990 812 2058 ignara
824 1988 946 2060 parenti;
1023 2051 1027 2062 ,

156 2058 208 2116 405
226 2059 279 2120 Qui
291 2059 455 2114 virtutesua
464 2058 603 2124 bimarem
614 2066 763 2125 pacaverat
775 2057 910 2109 Isthmon.
954 2056 955 2060 ’

137 2135 139 2138 ’
223 2128 309 2179 Huius
320 2127 350 2178 in
364 2127 478 2179 exitium
492 2126 591 2177 miscet
603 2126 709 2190 Medea,
727 2125 802 2195 quod
815 2126 883 2177 olim

223 2194 364 2247 Attiderat
375 2212 472 2250 secum
483 2192 617 2263 Scythicis
630 2195 761 2247 aconiton
774 2196 808 2246 ab
825 2196 888 2247 oris.

224 2264 298 2316 Illud
309 2263 465 2324 Echidneae
476 2272 635 2315 memorant
651 2282 665 2315 e
679 2263 809 2315 dentibus
824 2272 919 2315 ortum

133 2371 136 2378 -
224 2336 288 2385 Esse
298 2334 386 2385 canis.
421 2336 523 2413 Specus
535 2340 577 2383 est
591 2334 739 2385 tenebroso
753 2350 853 2384 caecus
869 2332 962 2386 hiatu:

156 2401 210 2458 410
226 2404 273 2455 Est
284 2402 330 2453 via
343 2400 466 2467 declivis,
483 2418 535 2470 per
549 2419 633 2470 quam
646 2399 803 2470 Tirynthius
817 2403 900 2453 heros

188 2479 189 2484 ’
223 2474 394 2537 Restantem‚
412 2479 566 2539 contraque
583 2471 657 2522 diem
667 2470 813 2541 radiosque
825 2472 972 2532 micantes,

226 2540 424 2610 obliquantem
439 2540 544 2607 oculos,
561 2541 637 2591 nexis
652 2539 799 2591 adamante
813 2540 927 2609 catenis,

225 2609 366 2670 Cerberon
381 2609 529 2663 abstraxit:
546 2609 644 2661 rabida
656 2608 703 2689 qui
716 2609 840 2663 concitus
850 2608 894 2660 ira

198 2707 207 2720 κ
226 2678 354 2747 Implevit
362 2678 471 2746 'pariter
479 2677 564 2729 ternis
577 2678 723 2730 latratibus
737 2693 825 2743 aures,
859 2683 863 2688 ’
928 2679 931 2688 ’

157 2744 209 2802 415
226 2748 259 2798 Et
270 2747 369 2815 sparsit
380 2746 482 2799 virides
495 2747 599 2815 spumis
612 2746 768 2800 albentibus
781 2762 878 2820 egros..

225 2818 281 2866 Has
293 2831 439 2872 concresse
451 2822 560 2884 putant,
578 2824 727 2886 nactasque
743 2815 875 2868 alimenta
885 2809 990 2882 feracis
1066 2868 1069 2874 ,

226 2882 404 2952 Fecundique
417 2884 477 2950 soli,
495 2884 567 2935 vires
581 2885 684 2954 cepisse
698 2884 827 2940 nocendi.

227 2954 315 3018 Quae,
324 2953 400 3028 ,quia
413 2961 563 3005 nascuntur
575 2952 648 3016 dura
656 2952 762 3005 vivacia
775 2961 865 3020 caute,

78 3070 83 3085 ,
197 3050 209 3062 0
226 3025 354 3090 Agrestes
368 3020 479 3072 aconita
486 3030 596 3077 vocant.
631 3026 671 3074 Ea
681 3021 805 3093 coniugis
820 3019 880 3073 astu
932 3023 936 3032 ’

159 3085 212 3144 420
227 3090 290 3157 Ipso
301 3105 401 3156 parens
415 3093 520 3160 Aegeus
535 3100 601 3143 nato
612 3089 748 3159 porrexit,
766 3099 798 3141 ut
807 3089 889 3144 hosti.

229 3158 472 3228 Sinnseratignara
484 3158 605 3224 Theseus
619 3159 683 3211 data
699 3159 803 3228 pocula
816 3159 928 3223 dextra3

228 3227 299 3277 Cum
311 3235 392 3295 pater
402 3226 432 3277 in
443 3227 543 3296 capulo
554 3226 639 3310 gladii
654 3233 784 3298 cognovit
800 3229 906 3292 eburno

228 3293 312 3364 Signa
326 3295 369 3347 sui
380 3295 498 3366 generis,
515 3295 679 3368 facinusque
692 3297 809 3364 excussit
822 3298 857 3351 ab
872 3309 930 3349 ore.
1003 3303 1006 3310 ’
