2350 3834
166 225 228 309 160
366 219 853 302 ‘ROVIDIINAsoNlss
947 264 953 273 .

233 389 356 441 Venerat
367 385 423 439 huc
439 388 552 456 Dryope
565 381 693 439 fatorum
705 385 809 450 nescia,
827 391 941 457 quoque
966 409 971 420 ·

233 455 381 527 Indignere
393 457 493 527 magis,v
508 457 643 527 Nymphis
655 457 747 508 latura
759 471 886 507 coronas.

232 530 264 578 In
304 543 320 578 e
333 526 394 577 sinu
406 542 534 594 puerum,
553 527 600 597 qui
616 526 742 578 nondum
754 523 921 594 impleverat
933 539 1043 594 annum,

192 584 196 598 ¹
233 544 322 647 odie
335 593 445 646 ferebat
457 612 534 662 onus,
547 594 691 665 tepidique
703 611 756 664 ope
768 593 849 645 lactis
863 593 964 649 alebat.

164 662 218 723 340
233 663 316 716 Haud
325 664 427 732 procul
441 680 458 714 a
470 673 578 735 stagno,
596 663 693 732 tyrios
704 663 814 716 imitate
828 662 948 732 colores,

233 737 266 785 In
277 749 356 801 spem
365 733 517 785 baccarum
528 734 649 786 florebat
667 732 796 803 aquatica
806 727 891 786 lotos.

231 804 380 871 carpserat
390 802 455 855 hinc
469 804 587 872 Dryope,
606 818 675 872 quos
689 800 877 854 oblectamina
887 808 956 853 nato

231 871 399 941 Porrigeret,
415 872 514 924 flores:
532 880 561 923 et
575 871 652 923 idem
663 870 775 923 factura
786 869 917 934 videbam

182 944 196 968 ³
232 941 304 992 Nam
345 957 360 993 e
374 940 497 993 aderam.
522 941 586 993 Vidi
602 947 695 1011 guttas
708 957 724 992 e
737 940 812 1003 flore
824 948 953 991 cruentas

111 1049 118 1074 3
162 1006 216 1071 845
229 1008 298 1061 Deci
318 1026 374 1078 ere,
392 1010 553 1078 ettremulo
563 1025 658 1062 ramos
669 1008 788 1061 horrore
797 1007 906 1059 moveri

113 1142 117 1147 .
162 1097 166 1104 ·’
215 1078 354 1146 vScilicet,
372 1087 406 1131 ut
414 1080 544 1148 >referunt
554 1077 631 1131 tardi
642 1095 718 1130 nunc
731 1077 849 1145 denique
865 1081 997 1146 agrestes,
1052 1089 1055 1092 ’
1087 1133 1091 1142 .

230 1147 309 1201 Lotis
319 1148 351 1200 in
360 1148 435 1200 hanc
447 1148 585 1218 Nympho,
602 1147 712 1218 fugiens
725 1148 865 1199 obscoena
878 1142 979 1213 Priapi,

231 1218 395 1270 Contulerat
406 1233 509 1284 versos,
527 1224 635 1270 servato
647 1216 769 1280 nomine,
787 1214 888 1268 vidtur.
971 1214 974 1219 ’

187 1314 190 1322 ·
265 1287 410 1339 Nescierat
425 1303 506 1339 soror
519 1286 590 1351 hoc3
608 1280 758 1356 quaecum
771 1282 922 1353 perterrita
940 1287 1019 1333 retro
1044 1299 1050 1306 ·

160 1356 284 1420 8501re,
303 1363 332 1408 et
344 1355 467 1408 adoratis
482 1355 568 1407 veliet
580 1354 723 1407 discedere
737 1352 886 1421 Nymphis3

230 1427 386 1477 Haeserunt
399 1423 494 1476 radice
507 1424 601 1493 pedes.
626 1423 789 1475 Convellere
799 1428 924 1492 pugnate
1006 1463 1008 1467 .

230 1495 289 1547 Nec
302 1493 463 1563 quidquam,
481 1493 533 1545 nisi
548 1509 667 1558 summa,
685 1499 788 1544 movet.
812 1486 969 1542 Succrescit
980 1487 1017 1541 ab
1031 1485 1092 1552 iano,

183 1612 190 1621 ,
230 1563 357 1632 Totaque
370 1562 517 1631 paullatim
531 1562 623 1614 lentras
636 1562 741 1643 premit
754 1561 783 1612 in
825 1561 830 1571 ”
852 1577 869 1612 a
884 1565 990 1611 cortex.

188 1648 194 1659 ·
229 1634 268 1683 Ut
281 1631 364 1697 vidit3
383 1640 483 1683 conata
494 1648 580 1683 manu
590 1631 698 1684 laniare
713 1630 774 1699 capi
798 1646 838 1695 os,

140 1692 212 1761 '355
229 1698 339 1753 Fronde
352 1717 468 1752 manum
480 1701 620 1771 implevit:
637 1698 752 1752 frondes
775 1705 860 1768 caput
872 1710 957 1748 omne
974 1692 1104 1750 tenebant

228 1773 266 1822 At
296 1785 348 1822 uer
360 1769 527 1839 Amphissos,
544 1785 667 1840 namque
680 1768 736 1821 hoc
748 1785 815 1820 amas
828 1770 947 1833 Eurytus
960 1763 1006 1817 iiii

230 1788 383 1891 Addiderat
395 1856 508 1904 nomen,
525 1848 654 1894 materna
666 1838 807 1909 rigescere
819 1835 904 1888 sentit

230 1909 336 1961 Ubera:
356 1924 411 1961 nec
421 1909 545 1978 sequitur
559 1907 828 1962 ducentem-lacteus
840 1905 954 1958 iuimor.

184 1974 193 2001 ‘¹
230 1978 385 2046 Spectatrix
398 1978 514 2029 aderam
528 1978 581 2029 fati
594 1977 723 2043 crudelis,
741 1991 881 2046 opemque

159 2045 215 2107 360
230 2049 293 2099 Non
306 2056 436 2116 poteram
448 2047 501 2100 tibi
516 2047 602 2112 ferre,
621 2061 715 2097 soror:
733 2053 924 2115 quantumque
937 2040 1071 2108 valebam,

230 2117 408 2168 Crescentem
419 2125 562 2183 tnrncum,
578 2129 728 2184 ramosque
741 2114 876 2184 amplexa,
895 2111 1042 2164 morabar:
1092 2175 1095 2184 ὁ

228 2186 270 2249 Et,
287 2184 390 2251 fateor,
407 2183 486 2236 volui
499 2186 551 2236 sub
563 2184 664 2236 eodem
677 2184 783 2236 cortice
796 2183 888 2235 condi
1047 2190 1048 2193 ’

228 2255 315 2306 Ecce!
334 2254 377 2305 vir
387 2253 575 2320 Andraemon,
584 2254 759 2373 ¹qenitorque
771 2252 943 2305 miserrimus
956 2253 1064 2319 adsunt,

230 2324 264 2375 Et
276 2331 414 2392 quaerunt
427 2323 572 2391 Dryopen:
609 2337 715 2391 ryopen
733 2321 929 2392 quaerentibus
942 2322 1000 2375 iuis
1021 2369 1024 2380 .

127 2399 128 2402 ’
161 2390 214 2449 365
231 2391 345 2443 Ostendi
355 2392 445 2445 loton.
468 2392 574 2460 Tepido
587 2391 654 2443 dant
669 2392 764 2443 oscula
775 2392 862 2461 ligno,

229 2461 372 2541 Affusique
387 2477 452 2513 suae
463 2461 605 2513 radicibus
618 2460 726 2512 arboris
739 2460 865 2525 haerent.

229 2530 285 2595 Nil,
303 2531 357 2582 nisi
367 2530 423 2582 iam
434 2530 547 2594 faciem,
564 2530 640 2599 quod
654 2546 711 2581 non
726 2529 802 2582 foret
812 2528 1055 2596 arbor,·babebas,
1087 2537 1091 2544 '

182 2632 185 2635 -
230 2601 301 2651 Care
312 2616 401 2652 soror.
426 2598 571 2653 Lacrimae
586 2599 688 2664 misero
702 2598 737 2650 de
751 2613 871 2668 corpore
881 2598 964 2651 factis

230 2671 356 2720 Irrorant
367 2661 458 2721 foliis:
476 2686 510 2721 ac
525 2669 593 2730 dum
604 2667 679 2733 iicet,
699 2681 805 2739 oraque
816 2673 956 2737 prestant

162 2734 217 2794 370
231 2737 315 2789 Vocis
328 2739 391 2804 iter,
407 2738 477 2790 tales
493 2738 611 2790 effundit
622 2738 652 2789 in
663 2739 731 2789 adra
746 2746 873 2807 questus:

229 2806 258 2856 Si
271 2823 326 2875 qua
342 2807 410 2859 fides
419 2808 536 2873 miseris,
553 2807 609 2859 hoc
622 2823 671 2858 me
684 2821 736 2887 per
747 2803 862 2858 nomina
873 2804 935 2856 iuro
974 2823 976 2830 ‘

231 2875 295 2927 Non
307 2877 440 2927 meruisse
455 2876 547 2941 nefas3
565 2875 658 2945 patior
670 2891 729 2926 sme
746 2875 863 2927 crimine
875 2889 1006 2941 poenam.

231 2943 356 2996 Viximus
368 2945 518 2997 innocuae:
536 2946 559 2997 si
571 2945 700 3010 mentior,
720 2943 797 2995 arida
811 2943 940 3012 perdam,

232 3015 306 3076 Quas
319 3014 420 3080 habeo,
436 3015 559 3080 frondes,
579 3023 607 3066 et
618 3030 699 3066 caesa
711 3013 855 3072 securibus
868 3029 945 3065 urar.

162 3080 216 3139 875
233 3084 314 3133 Hunc
331 3090 427 3134 tamen
441 3082 580 3135 infantem
593 3083 726 3135 maternis
741 3082 843 3134 demite
858 3082 954 3149 ramis,

231 3152 266 3203 Et
279 3150 343 3202 date
356 3151 475 3203 nutrici:
492 3161 643 3223 nostraque
656 3152 706 3204 sub
721 3152 822 3203 arbore
835 3166 916 3218 saepe

231 3222 289 3272 Lac
300 3219 417 3272 facitote
427 3221 507 3273 bibat
520 3244 527 3285 3
546 3230 697 3290 nostraque
709 3221 760 3273 sub
775 3221 875 3273 arbore
887 3218 975 3274 ludat.
1072 3281 1075 3286 ,

232 3289 355 3369 Cumque
366 3289 444 3359 loqui
456 3291 568 3359 poterit,
585 3299 705 3343 matrem
714 3291 831 3342 facitote
844 3288 955 3358 salutet,

232 3358 267 3410 Et
280 3359 365 3412 tnstis
379 3359 462 3430 dicat,
479 3363 561 3424 Latet
572 3360 628 3413 boc
643 3360 693 3415 sub
708 3360 916 3430 stipite‘mater.
