2350 3834
149 225 211 287 172
286 271 288 277 Α
423 224 454 284 Ρ.
475 219 835 313 ovrffltttneouls

218 372 360 440 Famaque
375 367 399 421 si
412 366 531 420 uiterem
545 373 657 419 nonest
670 364 788 418 mentita
801 364 938 435 rapinam,

219 445 275 495 Vos
289 437 493 508 quoqueiunxit
501 443 594 490 Amor.
627 434 1093 506 Peregohaeclocaplenatimorit,
1142 481 1143 484 η

169 510 205 566 30
219 505 272 564 Per
284 509 371 560 Chaos
385 505 440 559 hoc
452 506 561 577 ingens,
583 506 711 575 vastique
724 504 833 556 silentia
847 505 938 578 regni,

220 575 379 646 Eurydices,
401 593 461 642 oro,
479 584 628 645 properata
646 575 763 627 retexite
780 573 849 627 fata.

222 647 320 698 Omnia
334 645 470 697 debemur
484 646 579 697 vobis:
606 644 786 713 paullumque
803 642 916 710 morati,

220 715 312 766 Serius
325 723 373 766 aut
389 714 469 766 citius
484 715 579 767 sedem
592 729 773 782 properamus
794 713 830 765 ad
848 729 943 767 unam.
1141 749 1143 758 ⁴

173 814 177 822 .
220 783 370 836 Tendimus
382 783 438 836 huc
454 782 820 848 omnes‚·haecestdornus
830 781 947 836 ultime:
969 799 1068 855 vosque
1141 773 1143 860 i

95 905 97 914 ,
149 854 203 910 ’85
221 854 342 906 Humani
354 853 462 924 generis
476 852 640 924 longissima
657 851 744 921 r‘egna
756 851 866 903 tenetis.

221 925 298 974 Haec
312 927 434 993 quoque,
458 939 523 976 cum
542 922 628 973 iustos
642 929 752 972 matura
763 920 903 994 peregerit
914 937 1012 991 annos,

221 992 290 1044 Iuris
304 990 358 1043 erit
369 991 460 1043 vestri.
496 994 548 1043 Pro
564 1006 682 1042 munere
693 989 834 1057 poscimus
851 1003 946 1043 usum.
1074 1051 1078 1054 Ἴ

223 1060 305 1124 Quod
316 1061 338 1111 si
353 1060 414 1112 fata
426 1077 461 1111 ne
482 1069 530 1124 ant
543 1061 654 1112 veniam
666 1076 718 1127 pro
732 1058 858 1128 coniuge,
872 1068 984 1113 certum
995 1066 1037 1113 ert

220 1130 302 1181 Nolle
316 1129 409 1181 redire
428 1078 507 1182 miii.
531 1133 600 1180 Leto
617 1127 735 1200 gaudete
754 1127 882 1182 duorum.

170 1198 207 1256 40
222 1199 301 1250 Talia
314 1198 461 1262 dicentem,
479 1214 634 1267 nervosque
648 1198 683 1250 ed
694 1191 779 1248 verliu
792 1206 962 1262 moventem,

221 1263 378 1337 Exsang‘ues
390 1268 496 1319 flebunt
511 1270 628 1321 animae.
662 1270 720 1318 Nec
733 1267 865 1318 Teutalus
878 1267 986 1322 undam

223 1335 349 1405 Captavit
362 1336 506 1407 refugum:
523 1339 687 1405 stuqtslttsue
697 1336 796 1387 lnlonis
810 1335 900 1388 orbist

219 1408 279 1458 Nec
302 1422 431 1474 carpsere
446 1407 525 1457 iecur
537 1403 677 1456 volucres:
705 1404 837 1474 urnisque
848 1414 984 1458 vacarunt
1064 1438 1067 1448 -

219 1473 341 1526 Belides:
359 1473 444 1544 inque
457 1483 505 1525 tuo
519 1474 623 1537 sedisti,
642 1473 764 1548 Sisyphe,
782 1490 856 1527 suro.

169 1540 205 1599 45
221 1547 293 1595 Tum
303 1543 427 1612 primum
444 1542 568 1595 lacrimis
580 1543 720 1595 victarum
733 1542 859 1595 carmine*
868 1541 946 1596 una
963 1547 1006 1598 etl

219 1607 405 1665 Eumenidum
416 1612 553 1664 maduisse
567 1623 665 1682 genes:
684 1628 737 1663 nec
751 1613 829 1682 regia
842 1612 945 1666 coniux

220 1683 342 1736 Sustinet
356 1683 455 1747 oranti,
473 1699 526 1733 nec
540 1682 587 1751 qui
602 1682 675 1751 regit
694 1681 757 1745 ime,
781 1679 898 1800 nepares

144 1796 149 1808 ,
218 1750 433 1820 Eurydicenque·
444 1760 555 1803 vocant.
591 1752 710 1803 Vmbras
725 1758 785 1801 erat
800 1750 820 1800 il
833 1767 849 1800 a
859 1757 988 1806 recentes

219 1823 303 1887 Inter,
320 1829 348 1872 et
359 1819 472 1872 incessit
489 1837 570 1889 passu
584 1819 619 1871 de
632 1819 746 1871 vulnere
760 1817 850 1871 tardo.
957 1819 962 1824 ’

169 1890 205 1945 50
221 1892 299 1941 Hanc
311 1888 401 1953 simul,
421 1896 448 1940 et
459 1887 552 1958 legem
566 1887 743 1957 Rhodopeius
757 1886 861 1956 accipit
874 1887 968 1963 heros,

221 1961 263 2010 Ne
275 1959 373 2011 flectet
386 1967 464 2010 retro
478 1975 527 2009 sua
538 1958 660 2021 luminu,
680 1956 769 2009 donec
783 1961 904 2010 Avernus

220 2027 324 2080 Exierit
344 2026 445 2079 valles:
470 2035 517 2078 aut
534 2026 699 2078 irritadona
711 2026 816 2079 futura.

223 2098 352 2165 Carpitur
366 2096 486 2148 acclivus
499 2103 640 2164 permuta
652 2093 761 2146 silentia
773 2104 888 2163 trames,

220 2166 339 2230 Arduus,
357 2166 499 2229 obscurus,
519 2164 639 2234 caligine
654 2163 753 2215 densus
765 2181 868 2244 opaca:

169 2234 205 2290 56
221 2235 280 2288 Nec
291 2234 390 2303 procul
408 2233 558 2285 abfuerunt
577 2232 686 2284 telluris
705 2249 832 2306 margine
853 2247 988 2288 summae.

220 2304 282 2365 llic,
299 2319 334 2355 ne
349 2303 490 2367 deficeret,
509 2310 643 2366 metuens,
663 2302 757 2354 avidus
778 2317 812 2355 ue
828 2302 950 2370 videndi,

197 2371 204 2392 ¹
220 2373 309 2425 Flexit
324 2389 419 2423 amans
435 2369 548 2423 oculos:
574 2380 602 2422 et
614 2371 739 2439 protinus
751 2320 799 2423 iiia
811 2371 923 2440 relapsa
935 2379 993 2427 est:

222 2442 394 2514 brachiaque
402 2440 556 2504 intendens,
573 2440 729 2521 prendique
750 2448 778 2492 et
787 2440 925 2514 prendere
943 2452 1053 2513 captans

223 2510 269 2563 Nil
283 2512 338 2580 nin·
350 2510 477 2563 cedentes
491 2509 587 2561 infelix
606 2511 703 2579 arripit
716 2525 805 2562 auras.

102 2635 104 2640 ,
164 2579 207 2640 ffl
224 2585 336 2650 lamque
350 2581 453 2632 iterum
468 2579 588 2630 moriens
602 2595 657 2629 non
674 2587 714 2630 est
729 2575 763 2631 de
779 2579 899 2652 coniuge
915 2580 1062 2650 quidquam

223 2655 325 2713 Questa
338 2666 403 2703 suu:
423 2648 491 2719 quid
504 2648 578 2699 ennii
592 2648 644 2698 nisi
657 2648 679 2698 si
692 2649 856 2718 quereretur
865 2651 1007 2702 umatum?

184 2724 444 2788 *Supremumque
458 2718 529 2784 vale,
548 2716 624 2788 quod
642 2717 698 2768 iam
713 2718 759 2788 vir
769 2719 881 2788 auribus
896 2719 950 2770 ille-

222 2788 377 2857 Acciperet‚
396 2788 479 2840 dixit:
502 2786 685 2856 revolutaque
698 2801 794 2838 rursus
809 2788 908 2840 eodem
921 2785 971 2840 est.

158 2845 163 2858 ⁸
221 2860 284 2909 Non
305 2857 387 2908 aliter
399 2856 503 2928 stupuit
514 2856 624 2974 {emilia
636 2871 704 2906 nece
723 2857 849 2926 coniugis
873 2857 1006 2926 Orpheus,

164 2920 205 2980 ’65
223 2931 313 2988 Quam
323 2927 377 2977 tria
391 2927 439 2993 qui
453 2924 514 2975 timi
536 2942 575 2990 us,
603 2923 694 2975 medio
708 2934 839 2992 portante
851 2936 972 2991 catenas,

204 3011 206 3020 ’
222 2994 299 3047 Colla
314 2996 390 3046 canis
404 2993 487 3045 vidit:
514 3011 598 3063 quem
613 2993 669 3043 rion
684 3007 771 3062 pavor
783 3005 847 3047 ente
859 2995 982 3067 reliquit,

222 3067 314 3128 Quem
328 3071 428 3120 natura
441 3063 527 3130 prior,
552 3078 616 3112 saxo
635 3059 803 3132 percorpus
822 3065 937 3119 oborto:

222 3132 333 3201 Quique
346 3132 375 3182 in
389 3137 418 3182 se
434 3131 540 3181 crimen
553 3132 643 3196 traxit,
665 3131 810 3202 voluitque
824 3134 911 3185 videri

222 3199 323 3258 Olenos
335 3197 394 3251 esse‘
410 3215 527 3250 nocens:
557 3208 644 3268 tuque
656 3203 688 3251 o!
726 3202 830 3253 conlisa
844 3200 961 3274 figurae,

169 3270 205 3321 70
222 3267 320 3320 Infelix
328 3268 458 3327 Lethaea,
476 3265 555 3329 tuae3
577 3269 749 3336 iunctissima
762 3272 902 3340 quondam
929 3287 932 3292 ’

219 3339 346 3406 Pectora,
363 3335 562 3406 nunclapides,
586 3352 656 3407 quos
669 3338 783 3393 humida
801 3342 918 3395 sustinet
933 3340 1008 3395 Ides
