2350 3834
121 238 186 304 288
386 236 417 289 r.
440 232 591 290 ov1u11
616 230 808 287 ussoms

190 382 270 438 Tolle
283 397 385 445 moras,
402 379 527 445 Hecube,
546 377 622 446 dixit,
641 377 677 431 de
689 394 808 433 munera
819 390 897 434 nato.

190 457 278 505 Omne
293 453 356 504 lore
370 450 445 502 illius
457 449 533 519 quod
546 448 604 514 das,
623 449 698 518 quod
711 458 739 501 et
753 459 818 503 ante
830 451 939 517 dedisti,

188 525 242 577 Per
255 537 370 591 superos
379 521 452 572 iuro.
474 522 600 588 'Spectat
610 518 771 571 truculenta
785 520 959 590 loquentem,

188 591 325 661 Falsaque
338 589 491 642 iurantem:
509 588 673 657 tumidaque
687 598 829 642 exaestuat
841 588 893 643 ira.

120 662 173 720 660
188 667 277 730 Atque
291 658 331 710 ite
344 666 508 728 correptum
520 657 694 727 captivarum
705 659 818 729 agmine
831 668 957 713 matrum

187 729 304 794 involat,
322 737 350 781 et
363 729 466 799 digitos
479 728 509 779 in
518 727 627 796 perfida
640 726 748 781 lumina
762 727 868 795 condit,

187 798 383 869 Exspoliotque
396 813 481 868 genas
493 797 591 863 oculis,
608 797 679 849 facit
687 797 734 850 ira
745 797 895 865 valentem,

190 868 392 939 Immergitque
407 883 515 934 manus,
533 865 702 936 foedataque
714 867 848 937 sanguine
859 867 933 919 sonti

188 941 252 991 Non
265 937 372 1001 lumen,
390 953 483 1006 neque
499 935 575 988 enim
594 944 729 1004 superest,
747 936 811 989 loca
823 936 937 990 luminis
948 934 1057 990 hemia

119 1009 172 1068 565
189 1008 272 1060 Clade
283 1007 329 1059 sui·
338 1007 481 1058 Thracum
494 1022 562 1086 gens
580 1005 690 1057 irritata
702 1006 815 1073 tyranni

187 1076 299 1131 Troada
311 1076 434 1128 telorum
448 1075 630 1145 lapidumque
644 1075 782 1127 incessere
791 1074 869 1127 iactu

188 1147 292 1216 Coepit.
328 1150 362 1197 At
376 1146 447 1199 haec
459 1145 573 1197 missum
586 1161 674 1196 rauco
690 1160 756 1196 cum
769 1160 916 1198 murmure
927 1160 1025 1198 sartam
1056 1180 1059 1183 -

190 1216 327 1270 Morsihus
341 1214 512 1284 insequitur:
525 1215 655 1284 rictuque
667 1217 697 1268 in
711 1214 797 1266 verba
808 1222 910 1283 parato

187 1284 320 1348 Latreus,
340 1293 441 1336 conata
454 1283 541 1353 loqui.
576 1286 668 1335 Locus
683 1291 783 1350 exstat,
801 1292 876 1335 etex
887 1298 920 1335 re

118 1357 172 1413 570
188 1357 297 1408 Nomen
310 1353 409 1404 babet:
426 1363 610 1422 veterumque
622 1352 670 1405 diu
683 1368 794 1404 memor
807 1352 857 1405 illa
869 1351 1022 1419 malorum,

187 1427 260 1477 Tum
274 1440 386 1492 quoque
403 1421 542 1474 Sithonios
555 1421 674 1474 ululavit
685 1431 792 1474 moesta
805 1437 857 1491 per
869 1438 961 1494 agros.

187 1492 264 1546 lllius
276 1484 419 1561 Tioasque
434 1506 496 1542 suos
509 1490 658 1561 hostesque
673 1491 810 1562 Pelasgos,
902 1548 906 1557 ,

186 1561 263 1614 Illius
276 1564 398 1613 Fortuna
412 1560 478 1612 deos
495 1576 607 1630 quoque
620 1569 747 1612 moverat
758 1576 873 1613 omnes:

124 1642 127 1651 ’
188 1631 233 1683 Sic
247 1647 351 1694 omnes,
368 1639 400 1681 ut
412 1637 440 1681 et
452 1630 511 1699 ipsa
523 1630 593 1682 lovis
606 1629 772 1700 coniuxque,
789 1644 936 1700 sororque,
1020 1658 1026 1669 =

117 1700 169 1758 575
186 1703 305 1754 Eventus
319 1700 464 1753 Hecubam
479 1699 613 1752 memisse
625 1699 772 1770 negaverit
786 1698 858 1752 illos.

222 1770 286 1823 Nou
299 1778 381 1821 vacat
394 1773 527 1834 Aurorae,
546 1786 717 1839 quamquam
733 1768 822 1820 isdem
836 1769 947 1821 faverat
960 1768 1060 1835 armis,

186 1838 315 1891 Cladibus
330 1847 359 1890 et
373 1855 439 1891 casu
451 1838 608 1908 Troiaeque
622 1839 809 1907 Hecubaeque
823 1839 940 1891 moveri.

186 1909 259 1960 Cura
271 1908 354 1961 deam
367 1906 493 1977 propior,
510 1907 661 1978 luctusque
672 1907 841 1960 domesticus
855 1907 935 1987 angit

185 1977 343 2029 Memnonis
359 1977 466 2029 amissi:
483 1976 609 2047 Phrygiis
625 1994 710 2047 quem
719 1977 796 2029 lutea
811 1992 916 2047 caruprs

116 2044 170 2104 580
184 2045 261 2098 Vidit
276 2046 401 2099 Achillea
411 2054 577 2115 pereuntem
590 2046 705 2115 cuspide
718 2053 819 2098 mater.

185 2115 276 2179 Vidit;
295 2124 324 2167 et
335 2115 383 2166 ille
395 2116 483 2175 color,
503 2130 558 2186 quo
571 2116 709 2169 matutina
717 2115 872 2168 nibescum

183 2186 332 2254 Tempora,
350 2185 504 2254 palluerets
521 2184 660 2256 latuitque
674 2186 704 2237 in
715 2185 836 2237 nubibus
850 2182 957 2237 aether.

184 2258 220 2307 At
236 2271 294 2306 non
307 2253 452 2322 impositos
464 2254 602 2322 supremis
614 2254 724 2326 ignibus
739 2260 816 2307 artus

186 2323 319 2376 Sustinuit
330 2331 586 2392 spectareparens3
605 2323 654 2376 sed
666 2323 744 2376 crine
758 2323 862 2389 soluto,

116 2390 167 2448 585
185 2393 261 2449 sicut
273 2401 342 2458 erat,
359 2393 455 2463 magni
466 2391 584 2463 genibus
596 2393 785 2462 procumbere
799 2408 857 2444 non
869 2399 912 2444 est

184 2462 339 2542 Dedignata
353 2462 434 2530 Iocis,
450 2461 629 2532 lacrimisque
642 2462 693 2514 has
708 2461 812 2514 addere
828 2476 930 2513 rocess

185 2531 319 2584 Omnibus
332 2530 458 2598 inferior,
476 2548 543 2602 quas
559 2531 677 2584 sustinet
688 2548 789 2584 aureus
799 2529 906 2597 aether,

182 2603 257 2654 Nam
270 2599 341 2652 mihi
350 2610 415 2652 sunt
429 2608 525 2654 totum
538 2600 682 2654 rarissima
693 2600 799 2722 templa
811 2616 863 2669 per
876 2598 986 2667 orbem,

182 2669 253 2722 Dira
263 2678 358 2722 temen
374 2670 465 2737 venio,
482 2688 541 2723 non
554 2679 588 2722 ut
601 2670 728 2747 delubra,
767 2670 861 2739 ‘esque

115 2738 169 2796 590
184 2738 238 2790 Des
254 2739 325 2791 mihi
339 2739 491 2808 sacrificos,
509 2739 716 2810 caliturasquci
759 2739 818 2791 'bus
830 2752 902 2790 aras.

184 2807 322 2861 stramen
336 2809 481 2878 adspicias,
500 2818 636 2880 quantum
649 2809 702 2861 tihi
728 2809 822 2860 emina
831 2812 999 2876 praestem,

72 2940 76 2943 ,
182 2876 254 2930 'tum
269 2894 334 2929 cum
346 2877 410 2930 luce
422 2894 494 2930 nova
509 2879 600 2932 noctis
614 2878 736 2932 conlisis
745 2893 840 2942 servo;

80 2942 87 2947 ’
182 2946 311 2999 Praemia
318 2946 415 2999 danda
428 2955 517 3016 putes.
552 2948 607 3000 Sed
620 2965 679 3001 non
692 2965 726 3001 ea
738 2963 815 3010 cure,
832 2946 926 3015 ne'que
936 2943 1041 2998 bicest

182 3017 263 3068 Nunc
278 3021 512 3084 status.Aurorae,
529 3018 645 3081 meritos
657 3025 690 3070 ut
701 3024 801 3087 poscat
814 3016 945 3067 honores.

113 3085 167 3143 595
184 3084 422 3137 Memnonis‘orba
435 3085 493 3137 mei
510 3085 607 3140 venio:
626 3086 675 3157 qui
689 3086 777 3138 fortia
788 3085 894 3137 frustra

180 3154 233 3206 Pro
247 3161 349 3222 patruo
362 3153 427 3205 tulit
440 3169 519 3205 arma
533 3158 595 3221 suc',
611 3153 764 3226 primisque
777 3155 828 3206 sub
842 3151 923 3206 anub

182 3219 292 3273 Occidit
303 3239 320 3274 a
331 3221 410 3290 forti,
427 3221 467 3274 sic
480 3239 529 3274 vos
549 3223 683 3287 voluistis,
700 3223 817 3277 Achille.
906 3278 909 3283 ,

181 3289 231 3353 De,
247 3306 357 3357 precor,
375 3290 441 3343 huic
455 3289 587 3361 aliquem,
605 3292 705 3345 solatia
720 3293 830 3358 mortis,
846 3289 993 3358 honorem,

181 3360 296 3412 summe
309 3359 395 3413 deum
406 3367 511 3431 rector,
528 3369 712 3435 maternaque
723 3359 919 3419 mumioni.
