2350 3834
216 207 790 283 <Marsmonruosuoumu
814 230 848 287 x.
905 207 911 216 '
976 228 1039 295 175

77 368 316 438 Abripitlliaden,
334 367 384 439 qui
394 369 470 422 nunc
483 386 595 440 quoque
608 370 715 440 pocula
724 372 832 443 miscet,
873 384 877 410 ²
963 349 975 368 μ
987 377 1041 435 160

77 439 223 508 Invitaque
237 439 296 491 Iovi
309 448 411 490 nectar
422 443 529 491 Iunone
539 440 688 496 ministrat.
746 461 749 466 ·
824 451 829 459 ‘

112 511 153 559 Te
167 525 287 577 quoque,
305 507 456 576 Amyclide
475 509 612 578 posuisset
626 509 656 561 in
673 512 788 565 aethere
800 512 945 581 Phoebus3
976 506 992 528 '⁷

77 577 180 629 Tristia
191 577 215 627 si
226 577 348 646 spatium
358 577 481 646 ponendi
494 578 554 630 sata
566 578 714 634 dedissent.
920 637 921 640 Ἴ
956 577 964 594 ’

77 650 140 710 Qua
153 646 231 712 licet,
250 659 379 699 aeternus
396 655 492 698 tamen
505 664 547 698 es:
566 649 731 719 quotiesque
742 651 856 721 repellit

77 721 135 773 Ver
147 715 280 781 hiemem,
298 715 428 783 ,Piscique
443 717 519 768 Aries
532 716 658 769 succedit
670 736 789 788 aquos03
987 723 1038 780 165

76 787 121 849 Tu
133 784 217 836 toties
232 784 327 849 oreris,
345 784 482 853 viridique
497 785 525 835 in
540 786 645 853 cespite
652 788 763 843 stores..

76 857 118 906 Te
129 870 208 905 meus
220 862 285 906 ante
299 853 369 905 elios
380 854 491 923 genitor
503 852 612 906 dilexit:
632 864 659 906 et
674 856 744 908 orbe

79 927 111 975 In
127 922 223 974 medio
235 923 318 992 positi
329 931 481 974 caruerunt
497 923 625 990 praeside
637 924 746 994 Delphi,

76 994 152 1045 Dum
174 992 240 1044 deus
251 996 382 1054 Eurotan,
399 992 634 1061 immunitumque
649 993 812 1064 frequentet

78 1066 212 1131 Spartam
238 1079 293 1114 nec
305 1060 439 1125 citharae,
462 1077 516 1113 nec
529 1070 595 1112 sunt
606 1061 638 1113 in
647 1059 759 1116 'honore
773 1064 899 1137 sagittae.

76 1135 234 1183 Immemor
246 1131 305 1200 ipse
318 1132 360 1181 sui
373 1147 430 1181 non
443 1130 516 1182 retia
531 1130 608 1181 ierre
622 1142 739 1200 recuset,

77 1203 142 1253 Non
156 1200 277 1251 tenuisse
300 1216 391 1264 canes,
410 1216 467 1250 non
478 1212 529 1267 per
543 1200 609 1270 iuga
621 1202 723 1253 montis
741 1202 831 1274 iniqui

77 1273 132 1322 Isse
145 1285 254 1331 comes:
280 1269 420 1339 longaque
430 1268 483 1319 alit
496 1268 671 1323 assuetudine
684 1272 823 1327 tlemmss.

77 1342 194 1408 Iamque
208 1339 270 1390 fere
282 1338 390 1389 medius
410 1338 492 1389 Titan
504 1338 639 1390 venientis
653 1349 682 1391 et
699 1350 788 1394 actae

76 1411 175 1461 Noctis
189 1417 259 1479 erat,
283 1408 429 1477 spatioque
440 1407 500 1476 pari
511 1407 633 1460 distabat
646 1410 804 1493 utrimque3

78 1480 204 1546 Corpora
215 1485 291 1529 veste
304 1477 406 1540 levant,
426 1486 455 1529 et
466 1494 551 1528 succo
564 1478 674 1548 pinguis
688 1480 756 1532 olivi

77 1547 288 1615 splendescunt,
305 1546 411 1615 letique
422 1545 521 1597 ineunt
535 1548 688 1599 certamina
706 1549 784 1603 disci.
817 1583 827 1594 ·

78 1621 170 1678 Quem
183 1616 260 1685 prius
275 1616 363 1666 stirias
373 1614 509 1667 libratum
526 1616 652 1667 Phoebus
666 1617 695 1668 in
713 1635 796 1670 auras

76 1686 163 1752 Misit,
183 1695 210 1737 et
222 1684 364 1754 oppositas
382 1684 492 1735 disiecit
503 1685 627 1752 pondere
643 1687 739 1740 nubes

76 1756 189 1807 Recidit
207 1755 236 1805 in
244 1754 361 1806 solidam
372 1753 458 1824 longo
478 1762 542 1822 post
561 1763 690 1823 tempore
712 1763 819 1822 terram

76 1825 197 1890 Pondus,
216 1822 380 1875 etenhihuit
393 1823 519 1875 iunctam
530 1839 596 1873 cum
609 1823 714 1886 viribus
732 1835 830 1880 artem.

75 1894 206 1944 Protinus
213 1892 383 1959 imprudens,
401 1901 534 1961 actusque
549 1892 679 1959 cupidine
691 1893 760 1958 ludi,

76 1962 190 2014 Tollere
200 1962 368 2013 Taenarides
384 1962 482 2012 orbem
498 1962 684 2029 properabat;
704 1962 830 2017 stillum

76 2033 153 2082 Dure
165 2029 358 2099 repercussum
371 2031 489 2082 subiecit
505 2031 535 2080 in
550 2033 617 2082 aira
634 2030 725 2098 tellus,

75 2104 109 2152 In
122 2100 223 2166 vultus,
248 2099 411 2168 Hyacinthe,
424 2097 500 2151 tuos.
535 2100 673 2167 Expalluit
686 2117 785 2171 aeque,

77 2174 118 2221 Ac
130 2187 210 2239 puer,
227 2169 287 2238 ipse
301 2170 383 2221 deus:
413 2168 607 2248 collapsusque
623 2169 724 2238 excipit
739 2179 830 2223 artus:
914 2201 916 2206 ν

76 2241 111 2291 Et
123 2240 209 2291 modo
220 2248 249 2289 te
263 2238 381 2302 refovet,
399 2238 484 2290 modo
497 2238 586 2289 tristia
608 2238 724 2291 vulnera
734 2239 840 2291 siccat:

77 2310 159 2361 Nunc
175 2308 297 2359 animam
309 2308 428 2359 admotis
443 2307 599 2377 fugientem
615 2308 732 2361 sustinet
743 2305 848 2364 herbis.
872 2359 878 2364 .

76 2377 123 2430 Nil
135 2386 253 2445 presunt
264 2386 351 2429 artes:
371 2386 432 2428 erat
443 2376 650 2430 immedicabile
664 2375 774 2431 vulnus.

77 2450 115 2497 Ut
127 2447 149 2497 si
164 2447 224 2515 quis
237 2446 335 2511 violas,
357 2446 381 2497 r'
424 2462 474 2497 ove
487 2462 608 2513 papaver
620 2447 651 2498 in
673 2448 766 2515 horto,

76 2515 204 2584 Liliaque
218 2516 374 2585 infringat,
402 2515 471 2567 ulvis
485 2514 628 2565 haerentia
644 2516 729 2585 virgis
734 2534 743 2580 3

77 2584 203 2637 Marcida
220 2585 369 2636 demittant
385 2584 476 2635 subito
492 2592 576 2652 caput
590 2583 639 2634 illa
651 2593 807 2653 gravatum,

77 2656 137 2706 Nec
150 2670 179 2705 se
194 2655 356 2720 sustineant,
373 2661 557 2722 spectentque
571 2654 718 2704 cacumine
731 2663 853 2720 terram3

77 2725 123 2775 Sic
134 2723 226 2774 vultus
241 2724 363 2775 moriens
377 2723 461 2786 iacet,
478 2730 506 2772 et
520 2720 630 2772 deiecta
644 2722 740 2792 vigore

76 2796 140 2860 Ipsa
154 2793 206 2843 sihi
220 2802 263 2843 est
277 2792 356 2843 oneri
369 2792 471 2855 cervix,
488 2790 663 2859 humeroque
670 2790 819 2846 recumbit.
890 2815 892 2820 ·

75 2862 200 2928 Laberis,
223 2861 368 2926 Oebalide,
385 2860 477 2929 prima
493 2859 623 2911 fraudate
635 2860 759 2929 iuventa,

75 2931 204 2988 Phoebus
218 2931 273 2983 ait:
292 2931 429 2999 videoque
443 2938 531 2995 tuum,
550 2946 613 2981 mea
628 2930 754 2994 crimina,
771 2928 880 2984 vulnus.

75 2995 119 3053 'ru
127 3000 210 3052 dolor
226 3018 262 3064 es,
280 2999 446 3068 facinusque
458 3015 570 3051 meum:
603 3016 667 3052 mea
682 2999 794 3052 dextera
804 2999 862 3052 leto
907 3015 913 3020 ’

76 3069 258 3128 inscribenda
268 3076 318 3121 tuo
331 3077 386 3120 est:
409 3085 463 3139 ego
479 3086 541 3120 sum
551 3069 606 3119 tibi
621 3069 726 3123 funeris
740 3077 849 3123 auctor.

78 3142 157 3199 Quae
170 3156 233 3190 mea
254 3138 337 3207 culpa
348 3138 463 3192 tamen?
486 3138 539 3188 nisi
555 3139 578 3189 si
588 3138 683 3191 lusisse
694 3139 791 3191 vocari
981 3134 1035 3189 200

77 3208 165 3276 Culpa
181 3217 286 3276 potest:
309 3207 363 3258 nisi
381 3207 464 3275 culpa
478 3216 592 3275 postest,
618 3217 647 3259 et
662 3224 775 3273 amasse,
793 3203 898 3269 voturi.

78 3280 168 3345 Atque
182 3278 290 3328 utinam
302 3293 355 3345 pro
369 3285 398 3327 te
408 3277 506 3341 vitem,
522 3285 654 3329 tecumve
668 3276 767 3328 liceret

78 3346 221 3399 Reddere!
246 3345 299 3398 Sed
309 3346 443 3416 quoniam
456 3344 536 3397 tuteli
549 3345 615 3417 lege
628 3355 775 3411 ωαψς
794 3389 800 3396 .
