2350 3834
230 208 669 275 METAMOBPHOSEON
695 213 776 268 LIB.
804 216 854 269 XI.

74 362 130 411 Iam
142 358 189 411 ria
199 358 284 429 longa
297 355 408 426 placet:
426 353 484 408 iam
499 371 562 407 sum
573 355 626 409 tibi
638 355 731 410 carior
743 358 851 416 abeam.

74 434 115 494 At,
131 436 207 499 puto,
224 444 275 497 per
289 435 378 478 terres
393 423 449 476 iter
463 433 518 490 est;
541 433 707 497 tantumque
721 425 833 499 dolebo,

74 500 132 551 Non
147 498 229 549 etiam
242 505 381 558 metuam3
400 511 540 564 curaeque
554 495 658 548 timore
673 498 817 554 carebunt.

75 570 110 618 Ae
148 584 198 619 ora
210 583 257 618 me
270 572 389 630 terrent,
408 572 435 615 et
449 565 530 633 ponti
543 565 630 616 tristis
641 566 746 638 imago.

75 638 105 687 Et
128 653 221 689 aceras
233 651 324 704 nuper
337 632 448 685 tabulas
462 633 493 684 in
507 632 604 686 littore
616 633 687 699 vidi;

75 706 106 755 Et
118 723 196 779 saepe
214 706 243 757 in
255 703 371 756 tumulis
385 702 444 754 sine
459 719 578 770 corpore
590 704 704 756 nomina
720 703 785 777 legi.

78 775 147 826 Neve
160 784 241 826 tuum
253 772 340 824 fallax
352 772 478 823 animum
494 771 600 830 fiducia
613 781 721 844 tangat,

76 843 151 905 Quod
165 861 246 896 socer
257 840 428 911 Hippotades
440 839 493 891 tihi
505 841 547 905 sit,
568 841 616 910 qui
628 859 740 895 carcere
755 842 842 896 fortes

77 913 216 965 Contineat
227 920 333 977 ventos,
352 919 389 976 et,
408 926 474 962 cum
485 909 560 977 velit,
578 927 702 979 aequore
716 911 819 980 placet.

77 981 141 1033 Cum
154 981 242 1034 semel
257 975 349 1033 emissi
362 988 514 1031 tenuerunt
525 996 649 1048 aequora
662 981 753 1046 veuti3

75 1049 117 1102 llil
127 1050 180 1102 illis
192 1052 312 1104 vetitum
326 1057 375 1110 est,
392 1048 675 1119 incommendataque
686 1050 772 1103 tellus

76 1120 173 1185 Omnis,
191 1129 221 1172 et
234 1135 317 1172 omne
331 1119 446 1171 fretmn.
482 1118 558 1169 Coeli
575 1136 686 1189 quoque
700 1119 798 1172 nubila
809 1129 932 1189 vexantf

76 1189 276 1259 Excutiuntque
291 1188 359 1240 feris
372 1187 470 1239 rutilos
484 1188 665 1241 concursibus
680 1189 767 1259 ignes.

78 1258 134 1320 Quo
147 1258 237 1329 magis
251 1258 302 1310 hos
317 1256 393 1323 novi,
410 1274 477 1308 nam
489 1257 563 1322 novi,
583 1267 611 1309 et
624 1275 705 1327 saepe
719 1267 837 1327 patema

75 1326 156 1379 Parva
173 1327 259 1379 domo
273 1326 339 1393 vidi,
357 1325 446 1395 magis
458 1325 508 1377 hos
521 1342 587 1378 reor
600 1343 658 1379 esse
671 1327 819 1381 timendos.

76 1396 151 1458 Quod
163 1405 214 1448 tua
224 1396 248 1447 si
260 1396 339 1448 flecti
348 1395 476 1463 precihus
490 1396 631 1447 sententia
645 1396 738 1462 nullis,

76 1464 147 1527 Care,
163 1474 266 1534 potest,
284 1464 393 1528 coniux,
410 1464 582 1534 nimiumque
599 1482 627 1518 es
641 1475 732 1518 certus
745 1466 842 1534 eundi;

75 1534 115 1585 Me
130 1552 242 1605 quoque
257 1532 326 1586 tolle
338 1533 429 1586 simul.
465 1536 545 1585 Certe
557 1534 724 1588 iactabimur
737 1552 805 1588 una:

75 1604 137 1669 Nec,
154 1604 207 1655 nisi
221 1621 292 1673 quae
305 1604 406 1672 patiar,
424 1612 562 1655 metuam:
579 1605 749 1673 „pariterque
762 1605 896 1673 feremus,

76 1672 212 1741 Quidquid
228 1673 296 1724 erit:
318 1672 425 1740 pariter
436 1689 521 1740 super
534 1689 659 1741 aequora
672 1672 729 1724 lata
743 1672 878 1728 feremur.

77 1740 184 1793 Talibus
194 1741 318 1794 Aeolidis
333 1741 414 1793 dictis
426 1740 607 1809 lacrimisque
622 1751 751 1794 movetur
788 1771 792 1778 =

76 1809 198 1863 Sidereus
213 1810 329 1863 coniux:
347 1827 438 1879 neque
453 1811 528 1862 enim
540 1811 634 1862 minor
647 1812 718 1881 ignis
736 1810 767 1862 in
782 1812 843 1880 ipso
857 1820 907 1866 est.

77 1879 126 1931 Sed
136 1897 171 1932 ne
192 1898 228 1932 ue
239 1878 399 1948 propositos
412 1878 504 1949 pelagi
519 1878 658 1931 dimittere
670 1896 778 1947 cursus,

76 1948 130 2000 Nec
143 1899 203 2001 vult
215 1949 379 2016 Halcyoneu
393 1948 423 1999 in
438 1957 547 2016 partem
562 1948 695 2001 adhihere
708 1947 816 2018 pericli.

77 2017 214 2088 Multaque
229 2017 384 2085 respondit,
401 2016 531 2070 timidum
542 2017 661 2070 solantia
667 2027 793 2138 (fectus,

76 2086 131 2139 Nec
142 2087 356 2154 tamenidcirco
372 2103 485 2138 causam
498 2088 608 2155 prohat.
643 2099 664 2138 A
686 2087 756 2138 didit
767 2087 822 2139 illis

77 2155 132 2208 Hoc
146 2173 260 2227 quoque
273 2155 406 2221 lenimen,
425 2173 480 2225 quo
498 2155 558 2208 solo
574 2155 654 2208 flexit
665 2166 823 2208 amantem:

77 2225 167 2296 Longa
183 2226 298 2297 quidem
311 2225 391 2277 nohis
405 2226 494 2286 omnis
510 2242 605 2279 mora:
622 2226 671 2279 sed
686 2226 738 2278 tihi
751 2226 814 2277 iuro

78 2292 125 2345 Per
136 2296 242 2364 patrios
253 2295 345 2365 ignes,
363 2295 386 2346 si
402 2312 448 2346 me
460 2295 545 2347 modo
560 2295 621 2347 fata
632 2296 787 2361 remittent,

77 2366 143 2416 Ante
156 2356 346 2431 reiersurum,
365 2382 450 2433 quam
464 2367 542 2416 Luna
555 2365 599 2415 bis
610 2364 726 2433 impleat
742 2364 850 2417 orbem.

77 2432 120 2484 llis
137 2435 186 2486 ubi
201 2433 343 2504 promissis
353 2450 415 2501 spes
429 2442 470 2484 est
484 2429 598 2486 admota
610 2451 753 2498 recursum

79 2500 203 2555 Protinus
220 2502 352 2555 eductam
363 2502 506 2554 navalibus
525 2509 647 2571 aequore
663 2503 743 2574 tingi,

77 2572 228 2641 Apterique
243 2572 299 2623 suis
313 2571 409 2640 pinum
424 2571 502 2622 iubet
516 2571 706 2625 armamentis.
728 2611 734 2620 ,

78 2640 136 2700 Qua
147 2657 246 2708 rursus
257 2640 324 2705 visa,
345 2639 432 2691 veluti
443 2656 576 2710 praesaga
587 2639 685 2706 futuri,

77 2707 190 2762 Horruit
202 2709 362 2777 Halcyone:
383 2708 569 2777 lacrimasque
584 2709 676 2763 emisit
686 2708 807 2774 obortas,

76 2779 279 2848 Amplexusque
293 2777 378 2843 dedit,
394 2776 523 2846 tristique
536 2778 694 2830 miserrima
704 2774 826 2831 tandem

77 2848 136 2908 Ore,
154 2848 233 2914 Vale,
252 2848 330 2915 dixit,
350 2847 528 2915 collapsaque
541 2864 660 2916 corpore
675 2857 736 2899 tota
747 2857 796 2900 est.

77 2919 122 2967 Ast
133 2917 257 2978 iuvenes,
276 2924 426 2986 quaerente
439 2933 532 2967 moras
544 2918 641 2985 Ceyce,
659 2917 799 2971 reducunt

77 2973 224 3038 Ordinib‘us
235 2986 355 3056 geminis
369 2985 404 3037 ad
419 2985 634 3053 fortiqpectora
645 3003 747 3051 remos,

77 3056 250 3125 aequalique
262 3055 321 3108 ictu
332 3054 461 3107 scindunt
474 3054 558 3107 freta.
595 3055 709 3107 Sustulit
727 3055 777 3107 illa

77 3123 230 3176 Humentes
245 3124 355 3187 oculos;
374 3134 551 3194 stantemque
565 3124 596 3175 in
611 3142 704 3195 puppe
715 3140 842 3190 recurva,

78 3192 273 3261 Concussaque
289 3211 374 3245 manu
388 3194 503 3245 dantem
515 3192 571 3246 sihi
584 3194 664 3264 signs
676 3195 809 3246 meritum

34 3307 42 3318 ,
77 3259 168 3313 Prima
183 3262 272 3325 videt,
289 3263 437 3343 redditque
452 3272 541 3316 notas.
577 3263 631 3316 Ubi
643 3272 720 3316 terra
735 3260 851 3315 recessit
927 3324 933 3332 Ι

77 3330 209 3404 Longius,
225 3338 314 3408 atque
327 3332 403 3388 oculi
413 3340 556 3419 nequeunt
567 3349 737 3416 cognoscere
749 3329 856 3395 udum

960 218 1032 290 199·

1085 355 1096 392 xl

975 1120 1026 1178 435
