2350 3834
245 219 708 279 METAMORPHOSEON
735 220 822 280 LIB.
843 223 891 279 XI.
973 226 1049 289 ,197

86 367 307 432 Quavisnulla‚
325 369 391 423 ruit.
426 366 644 421 lamtuminihi
659 383 774 420 currere
785 368 859 422 viam
947 383 951 390 ‘

84 437 152 490 Plus
167 437 281 489 homine
296 448 345 505 est,
364 440 478 509 alasque
491 438 575 507 pedes
587 437 715 490 sumsisse
725 446 848 505 putares.

84 505 192 575 Effugit
203 523 270 576 ergo
288 524 392 573 omnes,
408 508 546 577 veloxque
560 507 690 576 cupidine
706 506 757 558 lesi

84 576 201 629 Vei-tice
211 577 324 628 Parnasi
336 578 451 646 potitur.
480 578 626 628 Miseratus
637 575 748 695 Apollo,
774 595 778 600 ’

86 645 158 696 Cum
172 660 202 695 se
212 645 367 697 Daedalion
381 663 446 698 saxo
461 646 581 698 misisset
593 646 628 697 ab
643 662 661 696 a
671 654 711 709 to,

51 742 54 748 ν
84 712 166 766 Fecit
179 730 268 780 avem,
288 724 316 766 et
329 715 426 767 subitis
437 716 607 784 pendentem
622 713 733 765 sustulit
746 713 806 781 alis,

85 785 198 851 Oraque
213 783 324 836 adunca
339 784 424 851 dedit,
444 800 543 848 curvos
557 783 635 835 dedit
645 781 785 854 ungtubus
801 784 910 852 hamos,
967 803 973 818 ‘¹

84 852 228 904 Virtutem
242 854 395 922 antiquam,
412 855 534 905 maiores
550 868 671 921 corpore
681 853 763 905 vires.

83 921 119 971 Et
131 936 207 973 nunc
220 923 364 991 accipiter,
382 922 453 974 nulii
467 924 534 974 satis
546 937 660 991 asapius,
677 920 709 988 in
722 937 819 973 omues

83 990 180 1041 Saevit
193 1006 265 1057 aves,
284 991 402 1061 aliisque
418 991 516 1043 dolens
532 990 565 1042 fit
578 1007 661 1043 causa
675 989 798 1055 dolendi,

120 1060 198 1121 Quae
212 1059 280 1111 dum
292 1061 423 1112 Lucifero
438 1061 547 1130 genitus
560 1058 698 1111 miracula
715 1067 814 1124 narrat

83 1127 125 1178 De
138 1137 268 1179 consorte
283 1145 348 1195 su03
368 1146 451 1181 cursu
466 1129 583 1181 festinus
596 1128 698 1181 anhelo

83 1196 205 1247 advolat
219 1199 340 1250 armenti
354 1207 447 1250 custos
463 1200 588 1250 Phoceus
602 1201 714 1251 Anetor.
816 1233 817 1238 =

83 1266 146 1316 Heu
158 1265 251 1327 Peleu,
267 1268 361 1334 Peleu,
380 1285 500 1339 magnae
511 1267 564 1319 tibi
577 1267 689 1319 nuntius
701 1266 800 1319 adsum

84 1333 186 1400 Cladis,
207 1335 254 1388 ait.
290 1336 483 1407 Quodcunque
496 1337 578 1401 ierat,
596 1337 673 1389 iubet
689 1336 771 1388 edere
784 1334 890 1391 Peleus.

82 1402 198 1469 Pendet,
216 1411 245 1456 et
258 1404 317 1472 ipse
330 1414 409 1457 metu
419 1406 541 1475 trepidat
554 1403 718 1458 'Irdchinius
732 1405 825 1461 heros.

82 1471 135 1524 Ille
147 1472 252 1524 refert:
268 1478 364 1526 Fessos
379 1475 415 1527 ad
425 1475 522 1528 littora
534 1492 622 1527 curva
632 1476 768 1527 iuvencos

82 1541 264 1610 Appuleram,
282 1543 377 1596 medio
391 1561 456 1597 cum
470 1545 518 1596 Sol
529 1543 677 1596 altissimus
690 1544 760 1597 orbe
845 1599 850 1612 ,

82 1611 205 1662 Tantum
217 1612 378 1680 respiceret,
397 1623 535 1685 quamam
549 1630 688 1694 superesse
703 1613 828 1666 videret:

81 1679 206 1749 Parsque
218 1680 307 1733 boum
320 1681 403 1734 iulvis
417 1700 509 1753 genua
521 1683 672 1737 inclinaret
686 1683 787 1749 arenis,
807 1719 810 1724 -
843 1705 846 1714 «

82 1750 276 1817 Latarumque
289 1751 383 1803 iacens
401 1769 514 1821 campos
532 1752 677 1820 spectabat
687 1767 842 1821 aquarumt
901 1789 903 1794 f

80 1818 149 1869 Pars
163 1818 297 1887 gradibus
308 1820 395 1871 tardis
406 1820 477 1873 illuc
489 1822 613 1887 mahat,
632 1828 660 1872 et
673 1820 757 1874 illuc:

81 1888 157 1938 Nant
168 1887 225 1953 alii,
244 1889 375 1958 celsoque
391 1899 498 1942 exstant
511 1906 596 1959 super
610 1906 734 1959 aequora
748 1889 832 1943 collo.

81 1955 201 2024 Templa
214 1958 286 2009 mari
299 1960 423 2023 subsmrt,
441 1976 495 2010 nec
509 1974 651 2011 marmore
665 1958 750 2025 clare,
766 1975 819 2012 nec
832 1973 916 2027 auro,
977 2005 978 2008 ,

81 2024 137 2076 Sed
150 2025 276 2077 trabibus
291 2027 390 2091 densis,
408 2028 529 2098 lucoque
542 2028 676 2080 umbrosa
686 2036 805 2081 vetusto.

79 2093 217 2146 Nereides
231 2097 391 2166 Nereusque
404 2105 509 2150 tenent.
528 2100 583 2149 Hos
598 2095 806 2166 navitatempli

80 2162 174 2215 Edidit
185 2179 245 2215 esse
258 2164 333 2230 deos,
349 2165 417 2217 dum
430 2166 501 2217 retia
515 2164 615 2218 littore
624 2166 720 2219 siccat.
824 2195 831 2208 =

79 2234 180 2283 Iuncta
194 2231 274 2301 psius
287 2233 353 2285 huic
368 2244 417 2299 cst,
436 2234 526 2287 densis
542 2236 653 2287 obsessa
664 2233 792 2302 salictis„
879 2233 881 2238 ’

81 2303 174 2364 Quam
185 2302 370 2371 restagnantis
385 2304 454 2356 fecit
470 2304 555 2356 maris
566 2304 641 2356 unda
654 2304 796 2373 paludem.

80 2369 157 2434 Inde,
174 2369 289 2439 fragore
304 2372 383 2441 gravi
395 2373 553 2441 strepitans,
570 2374 635 2426 loca
646 2373 771 2441 proxima
787 2380 881 2427 terret
916 2410 920 2414 ›
982 2371 1038 2428 865

79 2439 177 2490 B‘ellua
189 2447 275 2506 vasta,
292 2439 390 2521 lupum
409 2443 538 2513 siluisque
553 2442 722 2511 palustribus
736 2442 802 2508 erit,
1027 2465 1029 2472 ·

81 2507 189 2559 Oblitus
204 2509 233 2559 et
244 2525 357 2577 spmms,
377 2518 405 2562 et
419 2510 503 2579 spisso
515 2512 650 2581 sanguine
660 2510 749 2563 rictus
826 2549 833 2564 1

78 2575 251 2644 Flumineus,
269 2578 356 2630 rubra
371 2579 490 2630 suffusus
501 2578 744 2632 luminaflamma.

79 2645 147 2713 Qui,
163 2662 334 2715 quamquam
350 2648 437 2700 saevit
449 2648 556 2717 pariter
568 2648 704 2718 rabieque
719 2648 864 2719 fameque,

79 2715 180 2766 Acrior
194 2723 236 2766 est
247 2716 334 2770 rabie.
351 2718 452 2786 Neque
462 2716 539 2769 euim
549 2716 654 2769 ieiunia
667 2724 747 2770 eum
985 2720 1037 2777 870

81 2783 172 2836 Caede
188 2783 277 2837 boum
292 2784 437 2855 diramque
451 2785 558 2840 famem
571 2786 682 2851 satiare,
700 2785 851 2840 sedensue

77 2853 218 2906 Vulnerat
233 2862 402 2916 armentum,
420 2854 574 2925 sternitque
586 2854 726 2908 hostiliter
739 2870 831 2909 omne.

76 2922 145 2975 Pars
200 2939 273 2993 oque
288 2922 323 2974 de
335 2923 416 2976 nobis
430 2923 542 2976 funesto
555 2924 650 2978 sancia
663 2927 765 2986 morsu,
785 2953 788 2970 ι

76 2992 153 3043 Dmn
161 2939 355 3055 ddisnmmns,
372 2992 430 3044 leto
445 3002 486 3045 est
505 2993 579 3049 data.
611 2994 748 3064 Sanguine
760 2994 849 3062 littus,

79 3060 217 3131 Undaque
232 3062 325 3129 prima
338 3062 451 3130 nabent,
468 3062 681 3145 demugitaeque
696 3062 819 3133 paludes.
984 3062 1035 3118 375

77 3129 133 3182 Sed
146 3147 230 3183 mora
243 3129 377 3182 damnosa
391 3140 441 3200 est,
458 3148 512 3184 nec
523 3149 568 3184 res
582 3133 710 3186 dub1tare
724 3131 853 3186 remittit.
953 3157 957 3164 ·

74 3199 150 3252 Dum
164 3207 296 3269 superestv
309 3199 423 3270 aliquid,
442 3202 537 3253 cuncti
548 3204 688 3266 eodemus,
707 3209 837 3268 sturme,

25 3319 26 3324 ,
75 3272 162 3321 Arma
173 3283 360 3337 capessamus,
378 3269 481 3322 coniun
567 3269 648 3324 stela
659 3269 792 3330 feramus.

74 3337 190 3393 Dixerat
203 3337 332 3408 agrestis.
364 3338 523 3392 Necl’eles·
643 3338 811 3404 moschum
