2350 3834
139 211 183 275 30
399 210 432 263 e.
453 205 602 262 ov1n11
620 207 815 264 nasonis

208 340 521 422 CircumspenitAthin:
536 368 625 422 seque
637 352 786 406 acclinavit
798 352 830 406 in
840 354 932 427 illum,

207 426 241 477 Et
252 423 318 476 tulit
333 423 368 474 ad
380 440 476 474 manes
487 423 600 474 iunctae
612 423 711 475 solatia
722 424 830 476 mortis.

207 495 293 545 Ecce!
312 492 450 561 Syenites,
468 492 577 562 genitus
594 492 752 559 Methione,
770 492 901 561 Phorbas,

138 564 172 620 75
206 565 241 614 Et
253 561 335 629 Libys
347 561 567 631 Amphimedon,
583 561 657 612 avidi
670 563 847 614 committere
859 580 994 637 pugnem,
1046 580 1060 593 ··
1092 556 1094 563 ’

207 632 366 701 Sanguine,
382 647 438 700 quo
454 630 536 682 tellus
547 629 606 682 late
619 629 781 683 madeiacta
795 635 916 701 tepebat,

209 700 395 752 Conciderant
408 699 490 768 lapsi:
508 715 557 751 sur
578 700 686 751 entibus
699 701 806 752 obstitit
820 702 903 770 ensis,

207 769 327 821 Alterius
344 771 440 833 costis,
457 768 554 839 iugulo
588 769 733 820 horbantis
747 770 872 824 adactus.

114 894 117 903 ¹
207 843 244 891 At
255 855 312 890 non
324 838 474 891 Actoriden
488 838 619 904 Erithon,
639 841 684 890 cui
700 837 758 891 lata
768 839 896 908 bipennis

138 910 174 964 80
205 907 305 959 Telum
320 916 393 974 erat,
411 908 523 960 hamato
536 911 649 959 Perseus
666 908 736 976 petit
750 925 830 960 cnse:
847 908 897 960 sed
911 907 977 963 altis

206 979 364 1029 Exstentem
374 978 475 1048 signis,
492 978 652 1046 multaeque
665 977 695 1028 in
706 978 832 1046 pondere
845 994 962 1045 massae,

206 1050 237 1099 ln
259 1055 353 1098 entem
365 1047 493 1099 manibus
502 1046 579 1098 tollit
594 1055 703 1098 cratera
716 1047 832 1114 duabus,
1155 1050 1156 1089 t

205 1118 237 1169 In
268 1116 379 1196 egitque
392 1116 461 1170 viro.
495 1115 623 1169 Rutilum
635 1115 723 1173 vomit
735 1116 784 1168 ille
796 1132 939 1183 cruorem,
1155 1098 1156 1181 A

135 1204 139 1225 ι
206 1187 240 1236 Et
252 1202 397 1253 resupinus
409 1185 526 1237 humum
537 1184 706 1237 moribundo
718 1186 823 1237 vertice
837 1184 937 1255 pulsat.

35 1282 44 1297 ι
137 1253 171 1310 85
204 1253 272 1305 Inde
286 1253 449 1307 Semiramio
463 1252 668 1322 Polydaemona
680 1254 814 1325 sanguine
828 1263 948 1320 cretum,

207 1323 425 1392 Caucasiumque
438 1323 557 1388 Abarim
574 1322 848 1394 Sperchionidenque
862 1326 1009 1391 Lycetum,

176 1440 178 1445 .
205 1395 406 1460 intonsumque
417 1409 512 1444 comas
527 1392 644 1461 Elycen,
661 1391 877 1462 Phlogiumque,
895 1392 1066 1464 Clytumque
1155 1388 1156 1407 ¹

129 1512 133 1518 ,
206 1461 323 1512 Sternit:
338 1470 370 1531 et
384 1461 541 1514 adstructos
555 1462 726 1513 morientum
739 1462 831 1514 calcat
843 1478 968 1515 acervos.

205 1531 265 1582 Nec
277 1529 394 1582 Phineus
408 1548 490 1582 ausus
502 1546 672 1583 concurrere
683 1532 810 1583 cominus
823 1530 907 1597 hosti,

136 1598 173 1655 90
204 1601 351 1668 intorquet
363 1600 503 1652 iaculum:
561 1599 598 1652 od
612 1599 713 1652 detulit
724 1616 804 1652 error
818 1600 940 1665 inldan,
1054 1636 1057 1641 »
1154 1600 1156 1679 y

206 1670 354 1738 Expectem
366 1668 471 1721 frustra
481 1669 527 1721 bel
541 1669 565 1735 i,
584 1677 613 1721 et
625 1677 725 1721 neutra
736 1686 815 1722 arma
825 1679 964 1722 secutum.
1154 1684 1156 1693 ’

206 1736 256 1789 Ille
268 1745 348 1789 tuens
363 1738 450 1790 oculis
462 1739 602 1791 immitem
617 1739 719 1791 Phinea
732 1739 829 1805 torvis,

206 1807 441 1876 Quandoquidem
455 1809 484 1860 in
495 1817 603 1878 partes,
622 1809 670 1875 ait,
688 1809 830 1875 attrahor,
848 1807 961 1876 accipe,
977 1805 1096 1876 Phineu,
1154 1772 1157 1893 1

207 1879 299 1939 Quem
311 1876 403 1928 fecisti
416 1876 540 1942 hostem,
559 1895 645 1947 pensa
666 1893 700 1929 ue
714 1877 769 1930 hoc
781 1877 897 1930 vulnere
907 1877 1020 1932 viduus.

135 1943 171 2002 95
204 1948 322 2014 Iamque
332 1947 497 1999 remissurus
506 1957 631 2000 tractum
646 1896 681 1998 de
694 1963 814 2015 corpore
826 1946 917 1998 telum

204 2016 344 2084 Sanguine
354 2015 480 2068 defectos
493 2017 595 2070 cecidit
611 2015 748 2084 collapsus
761 2017 791 2067 in
804 2023 889 2068 artus.
1154 2056 1155 2080 ,

205 2084 257 2135 liic
273 2100 384 2153 quoque
399 2086 560 2154 Cephenum
575 2094 639 2154 post
648 2101 747 2154 regem
762 2084 869 2154 primus
883 2084 980 2136 Odites
1154 2087 1155 2111 ³

205 2154 276 2206 Ense
290 2153 364 2204 iacet
376 2154 516 2234 Clymeni:
532 2154 724 2206 Prothoenora
736 2153 857 2223 perculit
872 2156 1012 2223 Hypseus:
1047 2190 1049 2197 ,

203 2223 313 2290 Hypsea
328 2223 473 2290 Lyncides.
507 2225 570 2276 Fuit
583 2232 612 2275 et
625 2222 799 2294 grandaevus
812 2222 842 2274 in
855 2221 912 2273 illis

137 2289 366 2356 100⁴Emathion,
385 2292 467 2361 aequi
479 2293 587 2356 cultor,
605 2292 775 2362 timidusque
788 2292 921 2344 deorum:

205 2363 295 2424 Quem
310 2362 443 2429 quoniam
454 2362 605 2429 prohibent
620 2362 685 2413 anni
700 2362 820 2426 bellare,
836 2358 979 2429 loquendo

202 2431 326 2509 Pugnat,
345 2437 373 2481 et
384 2430 511 2496 incessit,
529 2431 948 2501 scelerataquedevovetarma.
1053 2454 1055 2459 >

204 2500 275 2550 Huic
288 2499 412 2558 Chromis
423 2500 551 2569 amplexo
564 2501 692 2553 tremulis
703 2500 805 2552 altaria
815 2498 915 2568 palmis
1006 2562 1008 2567 Ι

203 2568 326 2620 Demetit
339 2585 402 2621 ense
418 2579 516 2637 caput,
535 2571 611 2640 quod
623 2569 751 2640 protinus
761 2567 861 2621 incidit
874 2583 955 2620 arae:

136 2634 187 2693 105
204 2641 294 2705 Atque
308 2637 347 2690 ihi
361 2639 507 2692 semanimi
521 2641 609 2692 verba
620 2640 791 2692 exsecrantia
802 2638 900 2707 lingua

203 2705 309 2771 Edidit,
329 2716 357 2759 et
367 2709 474 2760 medios
487 2709 611 2762 animam
624 2709 773 2778 exspiravit
783 2709 814 2759 in
825 2707 912 2786 ignes.

204 2775 276 2827 Hinc
288 2776 392 2857 gemini
403 2778 521 2853 fratres,
539 2783 708 2848 Broteasque
723 2788 752 2830 et
763 2776 900 2830 caestibus
910 2777 1036 2828 Ammon

204 2844 317 2911 invicti,
335 2845 408 2898 vinci
423 2849 446 2899 si
457 2858 568 2916 possent
579 2848 715 2900 caestibus
729 2864 816 2913 enses,

202 2913 305 2965 Phinea
317 2915 444 2968 cecidere
456 2934 555 2980 manu3
571 2918 737 2985 ‚Cererisque
753 2913 885 2969 sacerdos

136 2983 187 3037 110
203 2986 360 3050 Ampycus,
376 2984 480 3037 albenti
493 2986 598 3039 velatus
610 2995 740 3054 tempora
756 2986 835 3038 vitta.

203 3052 246 3102 Tu
258 3068 385 3121 quoque,
402 3053 539 3123 lapetide,
556 3073 615 3106 nou
627 3055 678 3107 hos
694 3054 867 3107 adhibendus
879 3051 910 3103 in
922 3066 1007 3117 usus,

204 3120 259 3171 Sed
272 3121 330 3190 qui,
348 3123 425 3189 pacis
442 3141 525 3193 opus,
544 3124 680 3177 citharam
694 3141 759 3176 cum
772 3141 842 3176 voce
853 3136 999 3185 moveres3

203 3192 293 3240 Iussus
307 3206 367 3243 eras
383 3191 525 3246 celebrare
538 3193 637 3264 dapes,
654 3194 813 3262 festumque
827 3190 963 3244 canendo.

204 3258 253 3309 Cui
268 3257 366 3325 procul
377 3261 512 3328 adstanti,
529 3263 724 3332 plectrumque
737 3262 852 3315 imbelle
863 3257 981 3326 tenenti,

135 3325 187 3382 11⁵
203 3326 323 3380 Pettalus
333 3328 467 3399 irridens,
483 3331 584 3403 Stygiis
602 3350 671 3387 cane
684 3340 811 3400 caetera,
828 3327 908 3396 dixit,
