2350 3834
144 260 163 284 .·
316 268 325 279 n
349 264 1033 298 ψ...-

1036 277 1046 283 -

1163 618 1165 762 i

307 921 350 988 P.
384 920 580 993 OVIDII
612 840 868 989 Nitsole
1164 940 1165 989 t

114 1006 1167 1201 Murinoueflosuoui

390 1248 545 1309 LIBER
569 1250 793 1308 TERTIUS.
1164 1198 1167 1371 4

492 1414 703 1441 ῳ
766 1424 771 1435 t

183 1513 309 1627 Iamque
324 1545 406 1611 deus,
423 1546 515 1615 posita
530 1543 641 1598 fallacis
657 1545 780 1616 imagine
795 1546 879 1612 tauri,

186 1624 221 1672 Se
240 1616 382 1669 confessus
400 1624 474 1681 erat,
490 1617 677 1685 chmeaquae
693 1633 759 1685 rura
776 1617 904 1681 tenebat3

187 1691 257 1740 Cum
274 1694 355 1754 pater
370 1685 483 1756 ignarus
501 1684 605 1736 Cadmo
622 1686 785 1753 perquirere
801 1696 914 1755 raptam
957 1726 960 1733 r

187 1761 328 1824 Imperat:
346 1763 376 1805 et
392 1771 528 1823 poenam,
546 1754 643 1805 sinon
660 1753 814 1822 invenerit,
832 1755 911 1808 addit

118 1826 136 1883 6
187 1823 329 1886 Exsilium,
346 1823 423 1875 facto
440 1824 503 1893 pius
521 1832 550 1875 et
566 1822 718 1883 sceleratus
735 1823 844 1877 eodem.

189 1894 262 1946 Orbe
276 1902 436 1963 pererrato,
461 1894 522 1962 quis
540 1893 615 1945 enim
632 1893 805 1962 deprendere
822 1893 911 1964 possit

186 1966 274 2017 Furta
290 1961 380 2014 Iovis?
397 1962 482 2031 profu
503 1979 533 2013 us
550 1962 725 2032 patriamque
742 1963 869 2033 iramque
885 1959 1010 2033 parentis

111 2040 113 2049 '
188 2034 265 2084 Vitat
281 2031 466 2100 Agenorides3
483 1980 586 2084 inosti
629 2031 778 2085 eoraeula
797 2033 941 2102 supplex‘

191 2099 330 2166 Consulit,
348 2109 392 2166 et,
449 2118 482 2153 ae
501 2101 538 2152 sit
556 2049 639 2167 teldds
657 2102 820 2166 habitanda,
838 2098 967 2182 requirit.

122 2170 158 2227 10
190 2174 242 2223 Bos
258 2168 327 2234 tibi,
343 2169 417 2222 Phoe
438 2187 470 2221 us
487 2171 540 2238 ait,
557 2169 623 2222 solis
640 2179 770 2224 occurret
783 2172 812 2223 in
830 2187 911 2236 erus,

191 2237 306 2293 Nullum
321 2254 401 2305 passa
416 2240 529 2309 iugum,
547 2240 681 2309 curvique
698 2241 830 2292 immunis
847 2237 942 2292 aratri.

190 2311 250 2361 Hoc
268 2305 339 2358 duce
357 2324 442 2375 carpe
458 2309 532 2369 vias,
551 2317 594 2370 et,
613 2310 855 2429 quavrequieverit
870 2308 969 2377 herbe,

85 2384 89 2391 '
190 2376 301 2430 Moenia
317 2375 364 2428 fac
382 2376 500 2442 condas,
517 2379 688 2448 Boeotiaque
704 2379 754 2430 ila
771 2387 880 2432 vocato.

225 2446 277 2497 Vix
294 2443 365 2496 bene
382 2446 502 2499 Castalio
519 2447 637 2499 Cadmus
655 2448 837 2501 descenderat
852 2453 952 2513 antro3

124 2511 159 2569 15
192 2513 394 2567 Incustoditam
410 2514 487 2568 lente
506 2515 583 2568 videt
598 2516 641 2568 ire
657 2516 814 2581 iuvencum,

192 2582 308 2636 Nullum
323 2583 429 2636 servitii
444 2584 555 2655 signum
572 2587 681 2638 cervice
698 2597 853 2657 gerentem.

193 2651 389 2721 Sdosequitur‚
406 2670 502 2723 presso
524 2671 559 2706 ue
575 2654 645 2725 legit
662 2656 778 2726 vestigio
793 2671 897 2727 gressu,

192 2723 406 2791 Auctoremque
418 2724 479 2775 viae
496 2726 515 2774 P
536 2724 638 2776 oebum
654 2726 810 2777 taciturnus
827 2725 936 2777 adorat.

194 2793 254 2841 iarn
270 2791 342 2843 vade
358 2791 480 2859 Cephisi,
504 2795 684 2862 Panopesque
701 2802 825 2846 evaserat
842 2810 923 2846 srva:

125 2855 165 2913 20.
194 2861 246 2910 Bos
263 2860 355 2925 stetit,
373 2868 401 2912 et
418 2861 518 2913 tollens
535 2863 686 2930 spatiosam
703 2863 834 2915 comibus
852 2863 915 2925 altis

195 2927 237 2979 sd
253 2928 366 2981 coelum
383 2929 520 2996 frontem,
538 2930 690 3000 mugitibus
707 2932 818 3001 impulit
834 2948 928 2984 auras:

196 3001 287 3065 Atque
303 2997 359 3062 ita,
376 2999 526 3067 respiciens
543 3001 660 3053 comites
677 3017 726 3052 sua
743 3010 822 3072 terga
839 3018 868 3054 se
889 3010 995 3067 uentes,

195 3065 364 3133 Procubuit,
381 3075 534 3137 teneraque
550 3068 624 3122 latus
640 3069 767 3121 submisit
783 3070 812 3121 in
829 3019 926 3122 herde.

198 3133 315 3186 Cadmus
333 3135 390 3215 agit
407 3146 515 3206 grates,
534 3139 754 3208 peregrinaeque
772 3139 867 3192 osculs
884 3148 978 3209 terrae

127 3200 163 3256 25
197 3202 286 3271 tigit,
304 3211 332 3257 et
348 3215 458 3274 ignotos
476 3215 584 3257 montes
600 3225 738 3278 agrosque
755 3208 865 3262 salutat.

199 3274 280 3322 Sacra
299 3272 356 3324 lovi
372 3273 497 3326 facturus
515 3285 588 3327 erat:
607 3276 685 3328 iubet
701 3277 743 3329 ire
759 3278 911 3344 ministros,

198 3339 232 3393 Et
247 3350 378 3410 peteres
393 3342 461 3397 rivis
478 3343 605 3399 libandas
619 3342 744 3400 fontibus
760 3345 857 3401 undas.
