2350 3834
191 255 200 286 ,
234 212 687 296 uerruoaeaoseou
712 220 793 282 ma.
816 223 862 282 u.
907 297 911 301 ,
957 225 1027 290 ’109

43 371 46 380 ’
77 356 316 434 Vivsqreadhuc,
335 360 500 441 animaeque
514 360 618 433 aliquid
632 365 920 434 retinentiamemhra

77 427 224 480 Dilaniant.
242 430 308 480 Pars
323 429 387 482 inde
400 448 474 482 cavis
488 431 605 484 exsultat
618 434 706 488 aenis:
974 443 1026 500 645

77 498 139 547 Pars
151 498 271 548 verubus
285 498 396 550 stridet:
414 509 528 553 manant
542 503 696 570 penetralia
710 504 785 559 tabo.

77 566 123 616 His
138 565 252 617 adhibet
269 567 369 619 coniux
384 567 514 638 ignarum
529 572 617 632 Terea
628 572 739 639 mensis,

75 636 110 684 Et
122 635 205 702 patrii
220 636 306 686 moris
319 653 429 690 sacrum
441 637 568 704 mentita,
586 641 661 708 quod
674 642 723 692 uni
807 655 811 658 ·
830 641 834 646 ’

75 705 125 756 Fas
138 703 174 754 sit
188 704 265 775 adire
275 704 345 771 viro,
365 706 480 759 comites
497 706 673 777 famulosque
686 713 813 767 removit.

75 775 134 840 Ipse
149 771 248 844 sedens
260 773 328 825 solio
341 776 443 826 Tereus
457 775 580 828 sublimis
594 778 668 829 avito
973 786 1027 844 650

75 841 211 907 Vescitur,
229 841 313 912 inque
326 860 404 895 suam
418 861 468 895 sua
479 844 585 896 viscera
599 846 726 916 congerit
738 847 841 905 alvum.

74 910 217 979 Tantaque
229 919 284 963 nox
297 912 383 963 animi
397 921 446 977 est,
464 914 585 980 ltynhuc
598 915 737 986 arcessite,
755 917 830 976 dixit.

73 979 253 1032 Dissimulare
263 981 362 1050 nequit
375 981 500 1033 crudelia
512 982 614 1052 gaudia
626 985 742 1051 Procne,
891 988 895 992 ’

74 1050 188 1117 Iamque
200 1043 265 1099 suae
277 1050 390 1117 cupiens
408 1051 536 1102 exsistere
551 1052 648 1103 nuntia
661 1051 760 1108 cladis:
782 1057 786 1064 '

73 1118 149 1168 Intus
162 1117 257 1182 habes,
276 1118 351 1187 quod
364 1119 464 1186 poscis,
482 1119 529 1172 ait.
555 1120 747 1189 Circumspicit
759 1122 816 1190 ille,
972 1130 1025 1184 665

73 1188 161 1254 Atque
176 1186 283 1251 ubisit,
300 1187 416 1267 quaerit.
442 1189 601 1254 Quaerenti,
620 1190 777 1261 iterumque
793 1193 914 1263 vocanti,

74 1254 148 1305 Sicut
162 1264 334 1324 eratsparsis
345 1255 443 1307 furiali
456 1257 541 1309 caede
554 1276 586 1309 ca
608 1258 676 1322 illis;

71 1322 209 1389 Prosiluit,
225 1328 354 1394 Ityosque
370 1334 454 1393 caput
465 1276 617 1378 Philomela
629 1336 777 1383 cruentum

72 1391 145 1443 Misit
156 1393 186 1443 in
200 1410 250 1444 ora
264 1393 351 1461 patri:
369 1412 422 1448 nec
437 1403 564 1462 tempore
577 1395 676 1448 maluit
689 1396 748 1450 ullo

71 1462 151 1512 Posse
162 1460 252 1531 loqui,
260 1472 296 1514 et
310 1463 417 1514 meritis
428 1463 524 1515 testari
537 1465 639 1534 gaudia
651 1464 738 1520 dietis.

73 1530 327 1601 Thraeius‘ingenti
340 1549 449 1584 mensas
463 1532 586 1585 clamore
601 1533 722 1602 repellit,

72 1599 258 1669 Vipereasque
274 1601 329 1652 ciet
341 1601 434 1670 Stygia
451 1600 485 1652 de
501 1601 573 1653 valle
585 1618 709 1658 sorores:

71 1667 103 1718 Et
115 1668 210 1734 modo,
229 1667 251 1719 si
263 1669 359 1737 possit,
375 1678 497 1722 reserato
511 1680 624 1740 pectore
639 1671 713 1722 diras

72 1738 189 1855 Eperere
202 1737 269 1788 inde
281 1737 374 1808 dapes,
389 1737 569 1807 demersaque
582 1740 688 1791 viscera
699 1738 792 1859 qeelit:

72 1806 129 1856 Fet
143 1805 239 1871 modo,
257 1823 341 1876 seque
355 1816 439 1859 vocat
450 1808 563 1858 bustum
576 1808 705 1860 miserahi
718 1825 732 1858 e
744 1807 831 1866 natit'
968 1814 1020 1868 665
1101 1815 1104 1824 '

72 1875 149 1927 Nunc
159 1874 290 1943 sequitur
300 1876 375 1926 nudo
392 1876 498 1946 genitas
510 1876 649 1928 Pandione
661 1878 747 1940 ferro.

74 1943 193 2011 Corpora
205 1943 388 2012 Cecropidum
401 1945 498 2012 pennis
509 1944 631 2012 pendere
641 1954 772 2013 putares3

22 2013 25 2036 l
72 2011 229 2064 Pendehant
242 2014 347 2080 pennis.
365 2016 490 2075 Quarum
500 2015 573 2080 petit
586 2013 673 2065 altera
684 2012 779 2065 silvas:
859 2069 865 2078 ,
950 2076 953 2084 Ι

73 2079 164 2134 Altera
176 2090 254 2148 tecta
267 2076 348 2135 s'ubit.
366 2083 463 2150 Neque
475 2082 565 2133 adhuc
580 2082 614 2133 de
626 2090 740 2150 pectore
754 2081 861 2137 caedis

72 2148 213 2216 Excessere
228 2159 321 2217 notae,
338 2149 501 2220 signataque
513 2150 646 2222 sanguine
658 2150 754 2222 pluma
769 2159 818 2206 est.
966 2156 1019 2210 670

73 2214 120 2268 llle
134 2218 232 2271 dolore
246 2236 306 2286 suo,
323 2236 486 2290 poenaeque
501 2218 629 2288 cupidine
646 2220 734 2284 velox,

73 2285 193 2339 Vertitur
205 2283 237 2338 iri
254 2287 406 2354 volucrem,
431 2288 477 2340 cui
490 2297 564 2341 stant
574 2290 603 2341 in
615 2287 719 2340 vertice
731 2287 841 2356 cristae,

72 2353 210 2408 Prominet
219 2355 403 2409 immodicum
415 2374 467 2425 pro
480 2357 566 2429 longe
577 2358 690 2425 cuspide
702 2365 834 2410 rostrum.
930 2371 934 2378 ’

73 2421 177 2478 Nomen
203 2485 205 2490 ,
251 2425 421 2495 psrolucri3
438 2425 524 2479 facies
538 2435 647 2479 armata
660 2424 777 2478 videtur.
880 2487 884 2494 ι

103 2492 153 2545 Hic
168 2489 204 2546 do
235 2511 251 2544 r
264 2502 329 2546 ante
343 2494 417 2547 diem
429 2494 585 2565 longaeque
601 2503 723 2546 extrema
736 2501 865 2545 senectae
962 2497 1013 2551 675

73 2556 206 2629 Tempora
217 2560 366 2614 Tartareas
375 2562 515 2615 Pandiona
526 2562 602 2614 misit
616 2562 651 2613 ad
662 2562 782 2614 umbras.

73 2627 182 2696 Sceptra
192 2630 250 2683 loci
262 2648 358 2687 rerum
397 2648 412 2684 e
427 2632 501 2699 capit
512 2631 693 2684 moderamen
706 2628 884 2700 Ereehtheus,

73 2695 172 2751 Iustitia
185 2698 311 2766 dubium,
328 2720 345 2751 v
376 2701 461 2751 'disne
472 2700 615 2768 potentior
628 2698 720 2751 armis.
773 2759 775 2762 v
820 2701 821 2704 ’

74 2763 206 2824 Quauuor
216 2768 266 2819 ille
279 2769 391 2850 quidem
402 2769 522 2834 iuvenes,
540 2767 712 2836 totidemque
724 2776 834 2823 crearu

72 2832 213 2889 Femineas
226 2847 321 2901 sortis3
338 2837 387 2890 sed
399 2836 622 2905 eratparforms
636 2836 763 2889 duarum.
959 2842 1014 2897 680

72 2899 94 2948 Ε
105 2904 199 2970 qulbus
208 2906 334 2958 Aeolides
349 2906 482 2974 Cephalus
493 2915 521 2958 te
534 2906 653 2979 coniuge
664 2904 741 2971 felir,

71 2966 163 3023 Procri
173 2974 243 3040 fuit;
261 2978 364 3027 Boreae
377 2978 484 3027 Tereus¹
493 2975 669 3045 Tliracesque
679 2972 833 3029 nocebant:

72 3035 226 3112 Dilecteque
239 3043 287 3095 diu
300 3044 391 3096 caruit
400 3044 466 3096 deus
476 3045 608 3113 Orithyia,

71 3103 183 3162 Dum-ro
203 3121 240 3180 at,
258 3120 287 3164 et
299 3112 428 3180 precihus
441 3114 555 3180 mavult,
573 3112 777 3183 quarnvirihus,
792 3113 843 3167 uti.
905 3130 907 3135 ’

72 3176 120 3223 Ml
129 3178 175 3230 ubi
184 3130 326 3234 llanditiis
338 3182 428 3251 agitur
440 3181 523 3244 nihil;
535 3181 666 3238 vhorridus
674 3181 724 3246 ire,
955 3181 1006 3234 685

74 3241 148 3302 Quae
159 3249 237 3302 solita
251 3257 292 3301 est
304 3249 355 3318 illi,
372 3249 544 3320 nimiumque
557 3250 717 3317 domestica,
732 3257 827 3315 vento,

72 3309 108 3359 Et
118 3315 223 3384 merito,
240 3318 320 3371 dixit:
339 3318 406 3389 quid
420 3318 494 3372 enim
505 3336 569 3373 mea
579 3320 637 3373 tela
647 3317 757 3393 reliqui,

115 3403 188 3446 orla.
207 3397 243 3450 ΙΙ.
318 3389 322 3402 '
430 3395 433 3400 ’
777 3394 803 3445 K
