2350 3834
109 209 152 274 30
250 226 252 229 ’
371 206 404 260 P·
428 203 582 258 OVIDII
603 205 794 263 NASONIS

110 358 163 414 380
181 357 258 419 Quae
272 351 355 417 colat,
374 348 459 421 elegit
471 351 615 407 corrueris
626 352 746 405 flumina
756 351 891 407 flammis.

215 420 360 492 Squalidus
373 420 481 472 interea
497 421 610 490 genitor
624 422 814 488 Phaethontis,
833 431 862 475 et
876 437 974 494 erpere

180 498 241 563 Ipse
255 490 298 542 sui
315 489 433 552 decoris,
453 489 552 558 qualis,
570 508 637 544 curn
648 492 745 544 deficit
758 493 867 559 orbern,

179 567 245 616 Esse
260 559 347 613 solet:
364 559 515 628 lucemque
535 559 604 628 odit,
622 577 707 631 seque
719 562 786 631 ipse,
804 560 951 630 diemque:

181 634 289 699 Datque
304 629 428 681 animum
440 629 469 679 in
480 628 582 694 luctus,
601 639 629 682 et
641 629 764 683 luctibus
777 630 875 683 adiicit
886 631 975 685 iram:

23 724 27 731 ’
112 702 164 762 385
182 699 594 778 officiumquenegatmundo.
620 700 700 766 Satis,
716 701 816 771 iuquit,
831 701 869 752 ab
882 702 944 753 aevi
1028 744 1030 749 ,

181 774 245 821 Sors
262 785 326 819 mea
338 768 481 837 pnncipiis
495 767 550 819 fuit
564 769 734 839 irrequieta:
751 770 781 838 pi
817 779 885 839 tque

181 844 315 890 Actorum
330 837 388 888 sine
403 836 460 889 fine
477 837 554 901 mihi,
573 838 633 891 sine
651 839 767 904 bonore,
832 854 924 894 orum.

181 907 305 971 Quilibet
316 905 388 958 alter
402 916 467 978 agat
475 915 624 976 portantes
636 907 744 961 lumina
756 925 863 963 caurus.

181 977 208 1029 si
223 994 307 1028 nemo
322 985 372 1042 est,
391 992 543 1047 omnesque
555 976 602 1028 dei
615 991 675 1030 nou
687 994 768 1047 possa
780 978 923 1041 fatentur3

111 1046 245 1116 8901pse
264 1054 343 1117 agat:
361 1055 394 1097 ut
403 1046 512 1112 saltem,
532 1045 601 1098 dum
616 1055 830 1100 nostras'tentat
841 1046 975 1115 habenas,

180 1115 319 1167 orbatura
332 1123 427 1184 patres
443 1115 595 1184 aliquando
610 1115 733 1170 fulmina
745 1125 843 1186 ponat.
1022 1140 1024 1144 ’

179 1187 252 1238 Turn
265 1186 342 1251 sciet,
361 1184 525 1254 ignipedum
539 1185 615 1236 vires
631 1202 654 1237 e.
699 1194 758 1237 stus
773 1202 922 1256 equorum,

179 1257 244 1309 Non
257 1253 390 1306 meruisse
404 1270 511 1322 necem,
530 1253 579 1323 qui
590 1271 649 1306 nou
717 1254 851 1307 erexerit
866 1254 942 1309 illos.

180 1323 259 1375 Talia
273 1323 415 1374 dicentem
433 1322 617 1374 circumstant
628 1323 724 1376 omnia
739 1324 835 1376 Solem
929 1383 934 1395 s

111 1392 165 1450 395
182 1393 317 1446 Numina:
335 1407 405 1443 neve
416 1391 487 1445 velit
499 1391 630 1443 tenebras
644 1392 779 1449 inducere
793 1393 887 1458 rebus,

181 1461 310 1530 Supplice
324 1477 395 1511 voce
408 1467 520 1530 rogant.
549 1460 647 1513 Missos
665 1477 778 1531 quoque
791 1462 898 1530 Iupiter
907 1461 989 1534 ignea

177 1534 305 1598 Excusat,
326 1529 510 1600 precibusque
525 1529 617 1583 minas
627 1530 761 1601 regaliter
773 1531 860 1583 addit.

181 1600 250 1652 Colli
270 1600 293 1650 it
308 1607 441 1665 amentes,
459 1607 488 1651 et
500 1598 592 1651 adhue
606 1608 716 1652 terrore
727 1608 872 1668 paventes,
953 1656 955 1663 ¹

182 1617 311 1721 Phoebus
323 1683 422 1737 equos:
431 1709 432 1713 ,
440 1668 610 1738 stimuloque
623 1668 741 1722 domans
756 1678 785 1722 et
798 1668 1028 1725 verbereeaeeits

110 1738 165 1794 400
184 1739 277 1790 Saevit
294 1737 378 1802 enim,
397 1746 551 1807 natumque
565 1737 697 1803 obiectat,
716 1746 745 1791 et
758 1739 881 1808 imputat
891 1739 957 1794 illia.

217 1812 253 1858 At
264 1815 346 1887 pater
358 1806 535 1876 omnipotens
548 1807 674 1877 ingentia
685 1809 799 1860 moenia
813 1807 887 1860 coeli
915 1840 918 1847 ·

183 1877 297 1943 Circu1t,
315 1885 351 1940 et,
370 1892 405 1927 ne
421 1875 488 1946 quid
503 1876 678 1929 labefactum
690 1876 795 1929 viribus
805 1877 878 1948 ignis

182 1949 307 2013 corruat,
326 1945 460 2014 explorat.
486 1948 563 2009 Quae
575 1954 728 2016 postquam
741 1946 834 2014 firma,
851 1945 950 2016 suiq‘ee

181 2015 300 2068 Roboris
314 2030 372 2066 esse
385 2014 475 2078 videt3
492 2023 592 2080 terras,
608 2015 813 2085 hominumque
827 2016 939 2068 laboras

9 2116 10 2119 ¹
112 2083 164 2143 405
181 2085 325 2153 Perspicit.
347 2084 483 2136 Arcadiae
497 2093 593 2139 tamen
608 2094 649 2139 ast
662 2085 816 2154 impensior
825 2084 868 2137 illi

117 2188 121 2199 ·
182 2157 255 2207 Cura
269 2169 347 2206 suae:
366 2153 524 2223 fontesque,
542 2161 571 2205 et
581 2154 709 2207 nondum
721 2154 855 2208 audentia
865 2153 924 2208 labi

140 2270 142 2275 ,
181 2224 310 2278 Flumina
321 2222 457 2275 restituit:
476 2223 627 2276 datterrae
638 2224 777 2294 gramina,
792 2223 909 2276 frondet

179 2293 341 2357 Arboribus,
357 2291 500 2362 laesasque
514 2292 593 2344 iubet
605 2293 776 2346 revirescere
787 2293 874 2345 silvas.

179 2364 255 2415 D'um
269 2361 352 2429 redit,
368 2361 448 2430 itque
461 2361 506 2414 fre
524 2377 610 2427 ¹ueus;
628 2362 658 2414 iu
669 2362 779 2443 virgine
792 2359 954 2416 Nonacrina

111 2436 165 2494 410
182 2431 284 2496 Haesit,
304 2440 332 2483 et
348 2430 458 2500 accepti
517 2444 584 2483 uere
601 2432 652 2484 sub
672 2433 779 2487 ossibus
790 2431 878 2504 ignes.
1024 2454 1027 2459 ·

97 2492 103 2503 ⁸
181 2503 245 2554 Non
261 2509 322 2552 erat
334 2499 415 2552 huius
431 2517 501 2569 opus
512 2498 607 2552 lunam
620 2501 735 2554 mollire
745 2501 895 2570 trahendo,

181 2572 241 2623 Nec
252 2569 344 2638 positu
360 2569 468 2621 variare
483 2585 586 2624 comas.
604 2569 659 2623 Vbi
670 2570 758 2623 fibula
767 2581 884 2638 vestem,

180 2639 257 2693 Vitta
268 2642 433 2691 coercuerat
445 2638 590 2711 neglectos
601 2639 667 2693 albu
684 2639 811 2709 capillos,

182 2710 217 2760 Et
230 2707 315 2760 modo
327 2708 388 2760 leve
402 2725 490 2760 manu
502 2708 637 2775 iaculum,
653 2708 740 2761 modo
750 2717 888 2762 summat
898 2723 1014 2778 „0353
1117 2784 1121 2789 Α
1166 2691 1167 2696 ,

113 2775 165 2835 415
182 2777 261 2829 Miles
272 2786 334 2828 erat
345 2777 486 2829 Phoebes:
503 2794 556 2833 nec
568 2778 719 2831 Maenalon
732 2777 827 2847 attigit
840 2778 901 2830 ulle
1044 2838 1046 2847 y

184 2845 298 2898 Gratior
316 2846 369 2897 huc
381 2846 500 2899 Triviae.
523 2846 579 2899 Sed
590 2846 669 2899 nulle
685 2850 812 2916 potentia
822 2847 909 2919 longa
921 2857 973 2904 ott.

183 2914 305 2967 Ulterius
317 2914 411 2967 medio
423 2915 545 2984 spatium
557 2916 606 2968 Sol
618 2915 691 2968 altius
701 2916 825 2969 habebat
831 2934 844 2981 31

185 2986 254 3036 Cum
267 2984 340 3036 subit
350 2983 400 3035 illa
412 3000 521 3053 nemus,
538 2984 616 3054 quod
629 2985 709 3038 nulla
720 2986 861 3039 ceciderat
869 2993 955 3042 aetas.

183 3053 263 3106 Exuit
275 3053 322 3105 hic
336 3053 454 3106 humero
464 3053 635 3123 pharetram,
651 3054 728 3108 lento
809 3054 933 3109 retendit

114 3119 169 3181 420
184 3128 287 3174 mous:
304 3124 389 3193 inque
403 3123 474 3191 solo,
492 3124 569 3192 quod
579 3132 687 3176 texerat
699 3123 751 3177 her
788 3164 796 3193 ,
812 3124 939 3179 iacebat:

184 3194 219 3244 Et
231 3190 337 3259 pictam
351 3191 440 3261 posita
453 3193 615 3261 pharetram
626 3194 736 3247 conice
748 3193 904 3264 premebat.
934 3200 938 3211 '

185 3259 292 3328 Iupiter
304 3269 336 3312 ut
349 3261 419 3313 vidit
430 3261 541 3329 fessam,
559 3270 588 3315 et
602 3261 719 3316 custode
732 3273 900 3329 sanctem}
1033 3304 1036 3307 .

184 3330 246 3384 Hoc
260 3338 336 3384 certe
349 3330 450 3389 coniux
461 3330 772 3403 nuttannwnesotst,
787 3333 896 3407 inquit?
955 3388 960 3395 .
996 3366 999 3371 ·
1055 3372 1075 3380 ··
1101 3368 1104 3373 ·
