2350 3834
206 246 208 255 ,
248 168 864 273 Masauoneudsaoutta.1v.
892 210 898 229 ¹
991 215 1034 280 69

77 359 109 411 Et
121 357 274 415 laceranda
284 375 353 413 suae
366 358 427 411 nati
435 358 503 412 dare
516 359 623 412 risam
633 359 727 426 matri,
747 366 749 370 '

76 430 108 479 Et
121 428 246 497 triplices
261 430 373 498 operire
383 429 463 481 novis
475 429 629 497 Minyeidas
645 429 710 480 alis:
855 454 857 459 ·
983 429 1035 487 425

77 497 120 550 Nil
136 500 243 567 poterit
257 502 344 564 luno,
360 498 415 550 nisi
427 497 531 551 inultos
546 499 617 550 llere
631 497 763 550 dolores?

77 567 161 636 quue
173 567 243 619 mihi
256 567 322 620 satis
337 567 399 619 est?
407 567 487 619 *haec
499 584 556 619 una
567 568 693 636 potentia
705 576 803 619 nostra
815 569 877 620 est?

78 640 133 704 Ipse
146 637 245 701 docet,
262 637 331 706 quid
347 654 441 707 agam3
460 637 503 689 fas
516 646 557 691 est
571 645 600 688 et
612 637 647 688 ab
661 637 741 689 hoste
757 637 868 691 doceri:

79 706 204 774 Quidque
220 706 302 757 furor
312 706 419 769 valeat,
435 707 560 759 Penthea
573 707 661 758 caede
674 707 798 774 satisque

77 779 114 826 Ac
126 791 209 843 super
224 774 353 827 ostendit.
379 777 434 827 Gur
448 766 511 829 non'
520 775 694 839 stimuletur,
712 784 813 845 eatque

78 844 127 895 Per
141 853 263 923 cognata
277 845 334 897 suis
346 844 476 912 exempla
489 844 632 896 furoribus
647 844 717 896 Ino?

109 916 155 964 Est
166 913 337 967 vtadeclivis
348 913 461 965 iuuesta
471 913 569 966 nubila
580 921 661 964 taxo:

51 976 57 987 ’
77 983 156 1035 Ducit
168 982 205 1035 ad
217 982 343 1035 infernas
357 1000 409 1050 per
421 991 504 1034 muta
515 982 627 1035 silentia
638 980 727 1033 sedes.
821 1014 827 1021 .

79 1057 139 1120 Styx
152 1051 270 1104 nebulas
283 1051 392 1104 exhalat
402 1052 492 1104 iners:
512 1052 687 1119 umbraeque
700 1057 828 1102 recentes

79 1122 251 1175 Descendunt
261 1121 341 1187 illac,
358 1119 507 1175 suntdacra
548 1137 563 1172 e
577 1120 680 1173 iuncta
691 1117 836 1187 sepulcris.

78 1190 165 1242 Pallor
175 1191 327 1260 Hiemsque
338 1199 435 1245 tenent
446 1190 505 1243 late
526 1207 580 1243 oca
596 1198 687 1241 senta:
705 1188 835 1256 novique,

80 1263 135 1322 Qua
146 1260 183 1311 sit
197 1259 268 1326 iter,
288 1276 401 1326 manes,
420 1259 547 1329 Stygiam
557 1259 635 1340 quod
650 1258 728 1310 ducit
740 1257 777 1310 ad
789 1257 899 1326 tubam,

78 1330 223 1398 Ignorant:
241 1330 289 1381 ubi
305 1330 341 1380 sit
353 1328 428 1399 nigri
440 1328 503 1381 fera
516 1346 594 1400 regia
607 1328 685 1380 Ditis.

78 1397 149 1450 Mille
164 1415 253 1467 capax
266 1398 372 1464 aditus,
388 1407 418 1449 et
429 1406 539 1467 apertas
550 1398 617 1451 undi
640 1415 674 1449 ue
689 1405 785 1465 portas

79 1467 145 1519 Urbs
157 1467 253 1520 hahet.
280 1471 371 1537 thue
382 1468 490 1520 fretum
503 1468 539 1519 de
552 1476 612 1520 tota
648 1466 746 1519 umine
759 1476 844 1535 terra,

79 1535 119 1587 Sic
133 1554 232 1589 ornnes
243 1537 349 1591 animm
360 1536 440 1589 loeus
453 1537 558 1606 accipit
568 1536 632 1601 ille;
650 1552 704 1589 nec
714 1535 764 1588 ulli

31 1668 34 1673 ξ
78 1605 190 1676 Exiguus
203 1604 311 1676 populo
323 1615 378 1671 est,
396 1606 544 1659 turbamve
557 1605 692 1658 accedere
704 1604 798 1658 sentit.
900 1638 903 1643 -

80 1675 336 1744 Errantexsangues
348 1676 408 1738 sina
420 1691 540 1744 corpore
554 1685 582 1728 et
596 1674 701 1727 ossibus
713 1674 845 1726 umbrae:

80 1743 192 1815 Parsque
205 1745 304 1797 forum
317 1743 476 1812 celebrant,
492 1761 557 1814 pars
572 1744 625 1797 imi
638 1751 714 1796 tecta
727 1742 855 1813 tyranni3

80 1812 139 1865 Pars
151 1814 220 1867 alias
234 1822 324 1878 anes,
342 1813 473 1883 antiquae
485 1813 641 1865 imitamina
655 1812 730 1864 vitae

25 1888 27 1893 '
80 1882 222 1944 Exercent3
240 1881 327 1935 aliam
341 1891 453 1952 partem
467 1900 517 1935 sua
529 1899 622 1951 poena
635 1884 760 1936 coisset.

82 1952 194 2005 Sustinet
206 1953 249 2005 ire
264 1951 349 2020 illuc,
366 1952 483 2005 coelesti
497 1953 563 2005 sede
575 1951 685 2016 relicta,

80 2018 196 2073 'lantum
208 2021 281 2074 odiis
296 2021 412 2091 iraeque
427 2021 526 2087 dabat,
543 2019 672 2072 Saturnia
685 2018 765 2071 luno.
788 2048 790 2055 ι
843 2046 846 2061 ÷

82 2090 137 2150 Quo
148 2090 234 2143 timul
246 2090 377 2155 intravit,
394 2107 529 2160 sacroque
541 2108 558 2142 a
570 2106 621 2143 cor
641 2105 691 2141 ore
702 2103 830 2157 pressum
919 2122 920 2127 =

81 2158 326 2228 Ingemuitlimen3
343 2160 400 2212 tria
412 2161 549 2213 Cerberus
563 2107 662 2211 extulit
678 2175 740 2224 ora,

82 2227 112 2278 Et
123 2236 177 2281 tres
187 2228 308 2281 latratus
321 2229 405 2282 simul
419 2229 513 2283 edidit.
538 2228 591 2280 Illa
603 2233 718 2280 Sorores

82 2295 162 2349 Nocte
174 2307 260 2355 vocat
272 2298 392 2368 genitas,
410 2316 496 2369 grave
509 2307 538 2350 et
551 2295 729 2367 implacabile
742 2312 857 2350 numen.

83 2364 205 2423 Carceris.
210 2376 276 2419 ante
288 2367 365 2421 iares
379 2367 487 2425 clamas
499 2367 651 2420 adamante
664 2365 815 2421 sedebant:

82 2433 169 2504 Deque
184 2437 241 2491 suis
254 2445 329 2489 atras
340 2439 491 2506 pectebant
503 2436 626 2489 crinibus
638 2451 753 2504 angues.
827 2475 830 2480 .

83 2504 165 2564 Quam
175 2505 261 2558 simul
271 2516 412 2576 agnorunt
422 2508 495 2559 inter
505 2504 631 2575 caliginis
641 2503 774 2568 umhras5

83 2572 224 2628 surrexere
237 2574 321 2629 deae:
339 2575 418 2629 sedes
431 2575 574 2629 Scelerata
585 2582 712 2625 vocatur.
807 2610 812 2619 .

83 2639 187 2696 Viscera
199 2645 355 2713 praebebat
361 2646 460 2713 Tityos
474 2643 620 2704 lanianda,
638 2656 798 2710 novemque

84 2710 218 2780 Iugeribus
233 2712 368 2767 distentus
382 2723 459 2767 erat,
476 2712 556 2777 Tibi,
573 2709 706 2776 Tantale,
722 2709 818 2761 nullae

83 2777 291 2848 Depreaduntur
302 2800 405 2853 aquae:
424 2798 553 2852 quaeque
564 2780 708 2845 imminet,
726 2778 826 2849 effugit
837 2777 930 2833 arbes.

84 2849 132 2899 lut
143 2851 228 2930 petis,
247 2860 297 2905 aut
309 2869 394 2923 urges
405 2853 563 2917 ruiturum,
582 2849 714 2919 Sisyphe,
730 2865 837 2904 saxum.

84 2915 201 2972 Volvitur
211 2919 306 2986 Ixion,
324 2929 353 2973 et
367 2922 589 2991 assequiturque
600 2917 739 2990 fugitque.

84 2983 223 3059 Molirique
237 2990 395 3043 suisletum
407 2990 579 3059 patruelibus
594 3005 687 3054 ausae,
721 3020 722 3025 =

84 3055 206 3113 Assiduae
214 3067 362 3129 repetunt,
380 3077 450 3130 quas
459 3060 593 3129 perdant,
610 3058 717 3110 Belides
728 3056 826 3113 undas·

86 3122 154 3202 Quos
165 3129 339 3183 omnesaue
350 3138 499 3198 postquam
514 3129 644 3181 Saturnia
656 3137 739 3179 torva

84 3189 164 3269 Vadit,
183 3206 211 3249 et
224 3206 289 3249 ante
305 3215 403 3253 ornnes
414 3200 524 3265 Ixiona;
542 3215 637 3251 rursus
652 3197 687 3248 ab
702 3196 751 3249 illc

85 3260 213 3331 Stsyphcn
225 3266 391 3335 adspiciens,
413 3270 468 3321 Gur
480 3267 526 3320 hic
540 3284 555 3319 e
568 3266 716 3330 fratribus,
733 3263 834 3332 inquit,
926 3314 930 3320 .

85 3328 345 3407 Praemium
358 3353 476 3408 posnan
494 3336 667 3395 tumenta
674 3333 827 3404 superbum
