2350 3834
16 3 77 151 f

76 369 213 422 Desinis?
228 377 279 421 aut
291 367 386 438 fugio,
403 375 571 436 tecumque,
588 367 643 437 ait,
660 368 714 422 ista
728 370 867 441 relinquo.

78 439 221 491 Salmacis
235 437 378 500 extimuit3
394 440 525 505 Lucaque
539 436 610 489 haec
626 439 678 490 tihi
694 439 784 493 libera
798 443 892 508 trado,

16 514 18 523 ’
78 511 206 577 Hospes,
226 507 277 559 ait:
298 506 466 575 simulatque
482 505 572 574 gradu
584 507 727 560 discedere
736 528 826 563 verso.

79 579 155 629 Tum
169 593 228 646 quo
251 593 287 629 ue
296 576 463 644 respiciens,
482 575 673 645 fruticumque
687 579 834 633 recondita
845 580 915 634 silva

79 643 220 711 Delitnit,
263 661 400 724 eramque
411 658 486 713 genu
502 645 639 701 submisit.
674 652 710 698 ht
722 647 780 715 ille,

80 719 120 766 Ut
130 731 220 784 puer,
239 723 268 766 et
286 731 379 765 vacuis
394 722 427 766 ut
441 714 632 779 inobservatus
644 715 674 767 in
685 716 787 781 herbis,

80 788 146 836 Huc
156 785 195 850 it,
216 793 245 835 et
259 783 325 835 hinc
339 783 423 847 illuc;
441 792 469 834 et
487 784 517 833 in
531 780 717 836 alludentibus
729 787 812 839 undis

49 894 56 900 .
81 858 202 904 Summa
213 852 332 921 pedum,
351 852 465 920 taloque
478 860 560 903 tenus
573 854 690 923 vestigia
701 855 795 924 tingit.

81 925 142 974 Nec
156 939 254 984 mora;
272 921 409 990 temperie
425 914 593 973 blandarum
609 932 707 990 captus
718 940 865 993 aquarum,

31 1014 39 1027 =
81 991 182 1043 Mollia
194 991 232 1043 de
243 1000 342 1042 tenero
353 990 492 1043 velamina
507 1007 627 1058 corpore
642 991 731 1059 ponit.

53 1070 56 1075 '
81 1063 157 1113 Tum
172 1077 242 1113 vero
257 1061 416 1128 obstupuit,
434 1059 580 1128 nudaeque
595 1060 724 1128 cupidine
737 1061 853 1112 formae

82 1129 222 1181 Salmacis
240 1131 355 1181 exarsits
372 1130 495 1198 flagrant
509 1145 622 1208 quoque
635 1129 742 1182 lumina
756 1128 908 1199 Nymphes,

82 1202 149 1251 Non
162 1199 261 1264 aliter,
283 1216 369 1267 quam
383 1215 449 1250 cum
466 1214 538 1266 puro
553 1199 735 1251 auidissimus
749 1200 818 1251 orbe
894 1258 897 1262 A

83 1268 220 1337 Opposita
233 1267 341 1336 speculi
356 1266 490 1319 referitur
503 1268 625 1337 imagine
640 1269 775 1323 Phoebus.

83 1339 194 1408 Vixque
208 1354 320 1389 moram
331 1337 449 1405 patitur:
467 1336 583 1389 viriam
597 1354 647 1390 sua
660 1339 763 1409 gaudia
778 1337 881 1392 differt.

83 1410 147 1457 Iam
159 1406 238 1475 cupit
253 1406 399 1473 amplecti:
417 1406 475 1457 iam
489 1423 519 1459 se
532 1406 608 1459 male
623 1409 749 1461 continet
762 1425 868 1463 ament.

83 1476 153 1541 llle,
171 1476 247 1527 cavis
259 1475 341 1527 velox
352 1474 491 1543 ‘applauso
509 1492 628 1544 corpore
644 1478 752 1545 palmis,

83 1544 185 1597 Desilit
198 1546 230 1597 in
243 1544 355 1597 latices:
374 1545 540 1614 alternaque
551 1545 668 1598 brachie
683 1547 787 1599 ducens

84 1617 117 1666 ln
131 1614 248 1682 liquidis
260 1613 417 1669 translucet
429 1615 522 1683 aquis:
540 1623 574 1665 ut
590 1616 712 1668 eburnea
724 1616 748 1667 si
762 1616 824 1686 quis

85 1684 171 1754 Signa
184 1692 263 1754 tegat
277 1683 368 1751 claro,
386 1682 431 1734 vel
446 1683 566 1737 candida
578 1682 654 1751 lilia,
672 1686 753 1738 vitro.

83 1752 227 1818 Vicimus,
247 1770 284 1805 en
295 1769 374 1805 meus
386 1753 440 1804 esti
459 1753 598 1805 exclamat
611 1752 692 1804 Nais:
712 1762 756 1818 et,
775 1751 853 1805 omni

84 1823 170 1875 Veste
182 1822 389 1890 procul'iacta,
407 1822 506 1874 mediis
520 1821 685 1873 inmittitur
697 1821 789 1889 undis,

16 1922 17 1925 =
83 1893 305 1961 Pugnacemque
317 1900 408 1953 tenet,
426 1890 618 1960 luctantiaque
634 1890 729 1942 oscula
745 1890 849 1959 carpit,

85 1960 288 2030 subiectatque
299 1977 415 2025 manus,
431 1960 574 2040 invitaque
590 1968 706 2028 pectora
718 1960 824 2079 tanqit:

85 2031 120 2082 Et
132 2045 208 2081 nunc
222 2030 278 2082 hac
290 2030 398 2096 iuveni,
416 2040 494 2082 nunc
508 2028 743 2093 crrcmninnditur
760 2028 771 2079 i
793 2046 836 2089 ac.

85 2099 214 2169 Denique
227 2099 370 2152 nitentem
385 2106 500 2164 contra,
517 2097 647 2167 elabique
663 2094 813 2150 volentem

88 2168 234 2236 Implicat,
251 2176 284 2219 ut
297 2184 425 2237 serpens,
444 2183 529 2236 quam
541 2168 620 2237 regia
632 2167 751 2219 sustinet
764 2167 831 2234 ales,

87 2236 301 2306 Sublimemque
312 2239 401 2306 rapit:
419 2235 543 2305 pendens
558 2245 644 2305 caput
656 2235 706 2288 illa
717 2237 860 2307 pedesque

87 2305 205 2377 Alligat,
224 2314 253 2357 et
265 2306 355 2361 cauda
368 2306 519 2376 spatiantes
532 2306 659 2373 implicat
672 2306 744 2368 alos;

88 2378 159 2426 Utve
173 2374 268 2427 solent
278 2375 399 2443 hederae
410 2375 508 2443 longos
526 2374 651 2427 intexere
665 2384 795 2438 truncos3

90 2447 182 2513 thue
198 2444 252 2495 sub
266 2445 433 2513 aequoribus
448 2443 616 2524 deprensum
630 2444 748 2512 polypus
761 2445 872 2497 hostem

90 2514 233 2577 Continet,
253 2514 376 2565 exomni
390 2513 509 2566 dimissu
523 2521 603 2580 parte
617 2512 655 2563 fla
676 2512 745 2564 eliis.

88 2583 198 2634 Perstat
207 2582 392 2649 Atlantiades,
410 2590 577 2651 sperataque
590 2597 646 2651 gau
666 2582 693 2631 ia
704 2580 850 2650 Nymphae

89 2652 222 2721 Denegat.
257 2651 309 2703 llla
322 2653 439 2720 premit,
457 2650 664 2717 commissaque
677 2666 797 2717 corpore
810 2660 872 2704 toto

19 2738 21 2743 ’
91 2720 168 2772 Sicut
180 2719 358 2786 inhaerebat,
376 2724 484 2801 Pugnes
497 2718 580 2784 licet,
597 2718 742 2787 improbe,
762 2719 839 2789 dixit,

90 2791 151 2840 Non
164 2799 261 2853 tamen
271 2791 405 2860 ,effugiess
422 2799 462 2841 1ta
475 2788 503 2839 dt
514 2786 649 2854 iubentis,
668 2796 697 2841 et
707 2787 796 2841 istum

90 2858 174 2911 Nulla
187 2858 246 2910 dies
260 2877 278 2910 a
289 2876 351 2925 me,
367 2876 422 2923 nec
437 2875 483 2910 me
496 2857 609 2911 diducat
624 2857 660 2910 ab
673 2857 737 2911 isto.

90 2929 162 2978 Vota
179 2944 243 2979 suos
256 2928 380 2981 habuere
392 2929 474 2990 deos;
492 2945 559 2980 nam
573 2927 657 2980 mista
669 2925 790 2989 duorum

91 2998 216 3064 Corpora
227 2997 394 3067 iunguntur:
412 2998 553 3065 faciesque
566 2996 710 3049 inducitur
725 2996 781 3049 illis

21 3094 23 3099 >
91 3069 164 3129 Una;
184 3065 261 3117 velut
274 3067 297 3117 si
312 3069 373 3135 quis
389 3066 529 3118 conducta
542 3067 647 3117 cortice
661 3081 755 3117 ramos

91 3134 247 3187 (irascendo
260 3134 354 3205 iungi,
370 3137 530 3206 pariterque
542 3134 703 3187 adolescere
716 3142 822 3187 cernat.

91 3204 138 3255 Sic
150 3202 201 3254 ubi
216 3204 363 3272 complexu
377 3205 504 3259 coierunt
517 3204 645 3255 membra
659 3203 761 3267 tenaci,
801 3252 802 3257 ,

91 3274 149 3325 Neo
162 3272 219 3323 duo
234 3282 310 3340 sunt,
329 3283 359 3326 et
374 3275 467 3327 forma
485 3271 601 3339 duplex,
619 3288 672 3324 nec
685 3271 792 3322 femina
806 3269 871 3337 dici,

91 3343 151 3396 Nec
162 3357 236 3410 puer
246 3351 281 3395 ut
289 3344 408 3411 possint:
425 3351 630 3412 aeneumque,
646 3348 841 3409 etutrumque
858 3336 995 3390 videntur.

189 198 198 204 ’
237 163 954 313 =rnururuournosuouuns.&01l
1001 214 1046 291 67
