2350 3834
138 241 179 304 16
397 243 428 297 Ρ.
450 239 599 295 OVIDII
618 240 811 297 NASONIS

206 387 307 440 Oscula
321 386 371 439 dat
380 384 473 457 ligno:
490 385 597 456 refugit
608 394 703 438 tamen
716 385 812 437 oscula
822 374 939 458 lignum.

206 458 256 509 Cui
267 458 349 521 deus,
365 460 400 507 At
413 456 514 508 coniux
528 455 661 535 quoniam
672 473 737 506 mea
748 471 805 506 non
821 465 900 524 potes
915 473 981 525 esse,

204 527 295 578 Arbor
310 527 364 577 eris
375 533 466 590 certe,
483 525 565 593 dixit,
583 541 656 576 mea.
692 528 807 593 Semper
818 525 963 578 habebunt

202 595 242 646 Te
257 604 354 661 coma,
371 603 401 645 te
416 595 554 659 citharae,
571 602 601 645 te
615 601 741 659 nostrae,
759 596 863 661 Laura,
881 596 1039 664 pharetrae.

135 663 188 719 560
204 664 247 715 Tu
262 664 379 716 ducibus
392 663 476 714 Latiis
493 662 601 729 aderis,
620 681 685 715 cum
700 663 776 714 lacta
788 663 963 733 triumphum

202 734 264 784 Vox
276 742 372 798 canet,
391 741 418 783 et
429 731 526 802 longas
539 732 629 784 visent
641 731 776 800 Capitolia
789 749 914 802 pompas.

202 801 328 854 Postibus
342 801 471 871 Augustis
485 799 583 853 eadem
596 801 728 853 fidissima
740 810 832 853 custos

202 874 274 923 Ante
286 870 362 922 fores
373 871 474 936 stabis,
491 869 670 940 mediamque
681 871 796 921 tuebere
809 886 954 940 quercum.

202 942 294 1010 thue
309 957 404 993 meum
413 941 528 1009 intonsis
543 948 627 1008 caput
640 948 682 991 est
696 939 815 991 iuvenile
830 941 951 1009 capillis;

133 1005 185 1062 565
201 1009 245 1061 Tu
260 1026 371 1080 quoque
381 1018 530 1079 perpetuos
545 1026 656 1077 semper
671 1024 737 1078 gere
751 1008 859 1060 bondis
872 1010 1003 1064 honores.

201 1078 325 1132 Finierat
333 1081 432 1133 Paean.
466 1079 557 1131 Factis
570 1078 656 1130 modo
666 1078 763 1131 laurea
774 1077 861 1130 ramis
950 1090 952 1092 ’

201 1148 321 1200 Annuit:
338 1157 425 1225 utque
438 1157 538 1214 caput,
556 1147 615 1198 visa
628 1155 670 1198 est
682 1147 801 1217 agitasse
815 1162 961 1200 cacumen.
1115 1191 1118 1200 .

237 1217 283 1266 Est
296 1228 395 1266 nemus
406 1215 584 1279 Haemoniae,
603 1225 754 1284 praerupta
763 1217 839 1285 quod
849 1216 973 1286 undique
983 1215 1093 1271 claudit

201 1281 289 1335 Silva:
306 1291 409 1351 vocant
422 1285 541 1351 Tempe,
560 1298 612 1350 per
626 1301 697 1352 quae
708 1287 830 1350 Peneus,
849 1286 885 1338 ab
898 1287 957 1338 imo

131 1349 183 1411 570
199 1351 307 1403 Effusus
319 1352 423 1417 Pindo,
440 1350 576 1432 spumosis
587 1352 709 1404 volvitur
721 1353 816 1406 undis:

199 1420 371 1489 Deiectuque
383 1437 461 1491 gravi
473 1428 570 1471 tenues
588 1421 722 1488 agitantia
735 1423 829 1469 fumos

199 1488 300 1541 Nubila
315 1488 462 1554 conducit,
478 1503 657 1556 summasque
672 1488 836 1556 adspergine
850 1486 932 1540 silvas

198 1557 327 1627 Impluit,
346 1567 375 1610 et
388 1557 479 1609 sonitu
492 1556 554 1626 plus
569 1573 656 1626 quam
668 1557 761 1608 vicina
776 1556 886 1626 fatigat.

199 1629 275 1678 Haec
288 1627 402 1694 domus,
418 1627 489 1678 haec
500 1625 591 1691 sedes,
608 1626 678 1677 haec
692 1635 757 1678 sunt
768 1624 923 1694 penetralia
940 1628 1036 1702 magni

130 1694 181 1752 575
197 1696 307 1748 Amnisr
323 1695 353 1748 in
365 1697 438 1763 hoc,
456 1694 579 1747 residens
591 1694 668 1746 iacto
679 1694 714 1746 de
728 1695 853 1746 cautibus
868 1704 959 1764 antro,

199 1756 285 1815 Undis
297 1766 359 1816 iura
371 1764 469 1830 dabat,
486 1763 620 1834 Nymphis
643 1780 677 1815 ue
690 1763 846 1816 colentibus
858 1764 955 1821 undas.

198 1833 371 1886 Conveniunt
384 1832 452 1886 illuc
467 1834 613 1903 popularia
624 1782 745 1884 iiumina
760 1833 894 1902 primum,

197 1903 298 1955 Nescia
309 1911 469 1975 gratentur,
488 1902 703 1955 consolenturne
713 1911 868 1971 parentem,

198 1972 342 2041 Populifer
354 1973 524 2040 Spercheos,
541 1981 569 2024 at
584 1971 752 2041 irrequietus
765 1971 892 2041 Enipeus,

128 2038 182 2096 680
198 2036 394 2111 Apidanusque
406 2058 503 2108 senex,
518 2041 645 2111 lenisque
659 2041 841 2111 Amphrysos,
861 2049 890 2093 et
902 2044 987 2106 Aean

197 2112 316 2179 Moxque
330 2127 425 2163 amnes
439 2111 495 2176 alii,
512 2110 576 2180 qui,
594 2126 649 2180 qua
662 2110 727 2161 tulit
739 2111 860 2178 impetus
872 2108 945 2181 illos,

197 2182 229 2231 In
243 2196 322 2232 mare
336 2179 477 2232 deducunt
491 2180 576 2231 fessas
592 2179 731 2231 erroribus
743 2179 839 2232 undas.

197 2247 314 2300 inachus
330 2266 400 2300 unus
414 2249 506 2301 abest:
524 2249 638 2316 imoque
649 2247 811 2299 reconditus
825 2254 906 2299 antro

124 2339 130 2346 ·
197 2317 319 2369 Fletibus
334 2327 418 2388 auget
430 2334 529 2387 aquas:
547 2326 698 2385 natamque
712 2316 884 2368 miserrimus
897 2319 928 2367 Io

128 2383 178 2440 585
194 2389 296 2456 Luget,
314 2396 345 2438 ut
359 2387 497 2439 amissam.
532 2386 641 2451 Nescit,
659 2385 751 2437 vitane
763 2385 882 2451 fruatur,

196 2460 239 2506 An
253 2455 288 2506 sit
301 2456 375 2524 apud
385 2471 499 2507 manes:
515 2455 563 2505 sed
577 2471 662 2523 quam
674 2470 732 2505 non
744 2454 850 2505 invenit
860 2470 989 2523 usquam,
1080 2464 1082 2467 ’

197 2525 260 2576 Esse
272 2533 351 2593 putat
362 2541 515 2594 nusquam
534 2531 618 2593 atque
630 2524 722 2575 animo
735 2523 833 2592 peiora
845 2533 967 2578 veretur.

195 2593 310 2645 Viderat
322 2611 339 2645 a
348 2596 439 2663 patrio
451 2594 617 2645 redeuntem
630 2593 735 2661 Iupiter
747 2595 777 2644 Io

126 2674 127 2677 ’
197 2661 334 2728 Flumine,
354 2671 396 2730 at,
415 2666 436 2713 0
453 2663 531 2733 virgo
545 2666 609 2714 Iove
623 2661 720 2732 digna,
738 2670 845 2731 tuoque
856 2662 972 2715 beatum

127 2730 179 2788 590
195 2732 294 2782 Nescio
313 2748 397 2800 quem
408 2731 519 2784 iactura
531 2740 609 2798 toro,
627 2739 706 2800 pete,
727 2731 847 2794 dixerat,
865 2733 978 2783 umbras
1024 2756 1025 2759 ¹

196 2799 323 2852 Altorum
335 2818 500 2867 nemorum,
519 2808 546 2852 et
558 2817 707 2852 nemorum
720 2809 923 2853 monstraverat
939 2800 1066 2872 umbras,

194 2868 268 2919 Dum
282 2868 371 2934 calet,
391 2879 418 2923 et
432 2870 525 2921 medio
539 2869 587 2920 Sol
605 2877 647 2920 est
658 2868 807 2921 altissimus
820 2869 898 2924 orbe.

196 2937 279 3000 Quod
292 2939 315 2990 si
326 2938 385 2991 sola
395 2940 477 2991 times
489 2938 612 2990 latebras
624 2938 729 2988 intrare
740 2937 878 3002 feranim3

192 3007 321 3060 Praeside
331 3016 393 3060 tuta
408 3008 460 3061 deo
471 3024 620 3060 nemorum
631 3014 740 3058 secreta
751 3007 871 3060 subibis:

124 3074 175 3132 595
191 3077 251 3129 Nec
265 3074 299 3129 de
313 3078 395 3147 plebe
409 3077 477 3144 deo,
495 3077 545 3129 sed
564 3076 613 3146 qni
627 3075 758 3128 coelestia
770 3093 873 3156 magna

192 3148 309 3212 Sceptra
321 3164 408 3199 manu
417 3156 513 3212 teneo,
532 3148 580 3197 sed
597 3146 645 3215 qui
657 3162 728 3215 vaga
742 3145 863 3197 fulmina
876 3143 968 3201 mitto.

192 3215 234 3268 Ne
245 3213 312 3284 fuge
324 3233 385 3283 me,
402 3216 529 3286 fugiebat
546 3215 630 3266 enim.
665 3219 845 3282 Iam-pascua
856 3218 973 3283 Lernae,

191 3283 358 3354 consitaque
370 3285 515 3338 arboribus
527 3286 635 3352 Lyrcea
646 3284 799 3352 reliquerat
810 3300 891 3350 arva3

191 3353 261 3405 Cum
274 3352 341 3408 deus
355 3355 469 3411 inducta
479 3354 550 3407 latas
563 3352 682 3424 caligine
696 3361 785 3405 terras
