<?xml version="1.0" encoding="UTF-8"?>
<!DOCTYPE html PUBLIC "-//W3C//DTD XHTML 1.0 Transitional//EN"
    "http://www.w3.org/TR/xhtml1/DTD/xhtml1-transitional.dtd">
<html xmlns="http://www.w3.org/1999/xhtml" xml:lang="en" lang="en">
 <head>
  <title>
</title>
<meta http-equiv="Content-Type" content="text/html;charset=utf-8" />
  <meta name='ocr-system' content='tesseract 3.04.00' />
  <meta name='ocr-capabilities' content='ocr_page ocr_carea ocr_par ocr_line ocrx_word'/>
</head>
<body>
  <div class='ocr_page' id='page_1' title='image "./operaomnia03ovidgoog/operaomnia03ovidgoog_0290.png"; bbox 0 0 2350 3834; ppageno 0'>
   <div class='ocr_carea' id='block_1_1' title="bbox 122 216 814 331">
    <p class='ocr_par' dir='ltr' id='par_1_1' title="bbox 100 216 814 331">
     <span class='ocr_line' id='line_1_1' title="bbox 122 216 814 331; baseline -0.021 -0.462"><span class='ocrx_word' id='word_1_1' title='bbox 122 258 188 331; x_wconf 90' lang='grc'>283</span> <span class='ocrx_word' id='word_1_2' title='bbox 325 216 346 285; x_wconf 54' lang='grc' dir='ltr'><em>Ϋ</em></span> <span class='ocrx_word' id='word_1_3' title='bbox 369 278 375 323; x_wconf 73' lang='grc' dir='ltr'>ι</span> <span class='ocrx_word' id='word_1_4' title='bbox 395 255 596 324; x_wconf 59' lang='lat' dir='ltr'>rrovrou</span> <span class='ocrx_word' id='word_1_5' title='bbox 616 255 814 317; x_wconf 71' lang='lat' dir='ltr'>uisurus</span> 
     </span>
    </p>
   </div>
   <div class='ocr_carea' id='block_1_2' title="bbox 190 370 975 478">
    <p class='ocr_par' dir='ltr' id='par_1_2' title="bbox 190 370 975 478">
     <span class='ocr_line' id='line_1_2' title="bbox 190 370 975 478; baseline -0.001 -18"><span class='ocrx_word' id='word_1_6' title='bbox 190 405 259 460; x_wconf 88' lang='lat' dir='ltr'>Inde</span> <span class='ocrx_word' id='word_1_7' title='bbox 276 424 328 478; x_wconf 87' lang='lat' dir='ltr'>per</span> <span class='ocrx_word' id='word_1_8' title='bbox 343 403 453 459; x_wconf 88' lang='lat' dir='ltr'>iniectis</span> <span class='ocrx_word' id='word_1_9' title='bbox 461 370 639 477; x_wconf 54' lang='lat' dir='ltr'>«adopertam</span> <span class='ocrx_word' id='word_1_10' title='bbox 656 403 774 458; x_wconf 74' lang='lat' dir='ltr'>floribus</span> <span class='ocrx_word' id='word_1_11' title='bbox 791 400 891 476; x_wconf 71' lang='lat' dir='ltr'>ingena</span> <span class='ocrx_word' id='word_1_12' title='bbox 972 424 975 429; x_wconf 93' lang='lat'>·</span> 
     </span>
    </p>
   </div>
   <div class='ocr_carea' id='block_1_3' title="bbox 192 460 1166 549">
    <p class='ocr_par' dir='ltr' id='par_1_3' title="bbox 192 460 1166 549">
     <span class='ocr_line' id='line_1_3' title="bbox 192 460 1166 549; baseline 0.006 -20"><span class='ocrx_word' id='word_1_13' title='bbox 192 478 283 546; x_wconf 79' lang='lat' dir='ltr'>Serpit</span> <span class='ocrx_word' id='word_1_14' title='bbox 301 478 427 549; x_wconf 68' lang='lat' dir='ltr'>humum,</span> <span class='ocrx_word' id='word_1_15' title='bbox 444 460 591 544; x_wconf 71' lang='lat' dir='ltr'>flectitque</span> <span class='ocrx_word' id='word_1_16' title='bbox 608 475 692 541; x_wconf 81' lang='lat' dir='ltr'>ainus,</span> <span class='ocrx_word' id='word_1_17' title='bbox 717 474 895 549; x_wconf 82' lang='lat' dir='ltr'>mediamque</span> <span class='ocrx_word' id='word_1_18' title='bbox 912 491 965 544; x_wconf 84' lang='lat' dir='ltr'>per</span> <span class='ocrx_word' id='word_1_19' title='bbox 984 477 1088 535; x_wconf 73' lang='lat' dir='ltr'>urbem</span> <span class='ocrx_word' id='word_1_20' title='bbox 1165 540 1166 545; x_wconf 63' lang='lat'>,</span> 
     </span>
    </p>
   </div>
   <div class='ocr_carea' id='block_1_4' title="bbox 92 544 1055 3463">
    <p class='ocr_par' dir='ltr' id='par_1_4' title="bbox 122 544 999 753">
     <span class='ocr_line' id='line_1_4' title="bbox 122 544 984 615; baseline -0.005 -15"><span class='ocrx_word' id='word_1_21' title='bbox 122 546 175 600; x_wconf 83' lang='lat'>690</span> <span class='ocrx_word' id='word_1_22' title='bbox 191 547 292 598; x_wconf 86' lang='lat' dir='ltr'>Tendit</span> <span class='ocrx_word' id='word_1_23' title='bbox 309 546 345 597; x_wconf 84' lang='lat' dir='ltr'>ad</span> <span class='ocrx_word' id='word_1_24' title='bbox 361 546 479 596; x_wconf 86' lang='lat' dir='ltr'>incurvo</span> <span class='ocrx_word' id='word_1_25' title='bbox 496 544 620 596; x_wconf 83' lang='lat' dir='ltr'>munitos</span> <span class='ocrx_word' id='word_1_26' title='bbox 638 560 741 615; x_wconf 78' lang='lat' dir='ltr'>aggere</span> <span class='ocrx_word' id='word_1_27' title='bbox 757 553 863 614; x_wconf 84' lang='lat' dir='ltr'>portus.</span> <span class='ocrx_word' id='word_1_28' title='bbox 982 604 984 610; x_wconf 19' lang='lat' dir='ltr'>y</span> 
     </span>
     <span class='ocr_line' id='line_1_5' title="bbox 189 613 999 686; baseline 0.005 -19"><span class='ocrx_word' id='word_1_29' title='bbox 189 615 301 667; x_wconf 80' lang='lat' dir='ltr'><strong>Restitit</strong></span> <span class='ocrx_word' id='word_1_30' title='bbox 323 614 379 679; x_wconf 89' lang='lat' dir='ltr'>hic,</span> <span class='ocrx_word' id='word_1_31' title='bbox 398 631 413 664; x_wconf 94' lang='lat' dir='ltr'>a</span> <span class='ocrx_word' id='word_1_32' title='bbox 459 630 553 683; x_wconf 22' lang='lat' dir='ltr'>,enque</span> <span class='ocrx_word' id='word_1_33' title='bbox 570 626 662 679; x_wconf 86' lang='lat' dir='ltr'>suum,</span> <span class='ocrx_word' id='word_1_34' title='bbox 680 613 834 683; x_wconf 82' lang='lat' dir='ltr'>turbaeque</span> <span class='ocrx_word' id='word_1_35' title='bbox 848 619 999 686; x_wconf 57' lang='lat' dir='ltr'>sequentia=</span> 
     </span>
     <span class='ocr_line' id='line_1_6' title="bbox 176 678 805 753; baseline -0.002 -17"><span class='ocrx_word' id='word_1_36' title='bbox 176 678 413 753; x_wconf 47' lang='lat' dir='ltr'>‘Officiumfplaci</span> <span class='ocrx_word' id='word_1_37' title='bbox 432 700 450 735; x_wconf 93' lang='lat' dir='ltr'>o</span> <span class='ocrx_word' id='word_1_38' title='bbox 467 683 541 735; x_wconf 84' lang='lat' dir='ltr'>visus</span> <span class='ocrx_word' id='word_1_39' title='bbox 560 683 701 734; x_wconf 77' lang='lat' dir='ltr'>dimittere</span> <span class='ocrx_word' id='word_1_40' title='bbox 717 683 805 747; x_wconf 85' lang='lat' dir='ltr'>vultu,</span> 
     </span>
    </p>

    <p class='ocr_par' dir='ltr' id='par_1_5' title="bbox 189 751 899 892">
     <span class='ocr_line' id='line_1_7' title="bbox 189 751 899 822; baseline 0.003 -18"><span class='ocrx_word' id='word_1_41' title='bbox 189 754 295 822; x_wconf 84' lang='lat' dir='ltr'>Corpus</span> <span class='ocrx_word' id='word_1_42' title='bbox 312 753 342 805; x_wconf 94' lang='lat' dir='ltr'>in</span> <span class='ocrx_word' id='word_1_43' title='bbox 358 754 479 809; x_wconf 80' lang='lat' dir='ltr'>Auauuia</span> <span class='ocrx_word' id='word_1_44' title='bbox 496 751 589 821; x_wconf 82' lang='lat' dir='ltr'>posuit</span> <span class='ocrx_word' id='word_1_45' title='bbox 605 762 674 805; x_wconf 89' lang='lat' dir='ltr'>rate.</span> <span class='ocrx_word' id='word_1_46' title='bbox 692 753 833 813; x_wconf 56' lang='lat' dir='ltr'>,Numinis</span> <span class='ocrx_word' id='word_1_47' title='bbox 849 753 899 815; x_wconf 85' lang='lat' dir='ltr'>illa</span> 
     </span>
     <span class='ocr_line' id='line_1_8' title="bbox 190 817 893 892; baseline 0.003 -18"><span class='ocrx_word' id='word_1_48' title='bbox 190 817 285 881; x_wconf 78' lang='lat' dir='ltr'>Sensit‘</span> <span class='ocrx_word' id='word_1_49' title='bbox 295 840 382 887; x_wconf 82' lang='lat' dir='ltr'>pnus:</span> <span class='ocrx_word' id='word_1_50' title='bbox 432 838 562 892; x_wconf 79' lang='lat' dir='ltr'>reesaque</span> <span class='ocrx_word' id='word_1_51' title='bbox 579 821 624 873; x_wconf 89' lang='lat' dir='ltr'>dei</span> <span class='ocrx_word' id='word_1_52' title='bbox 642 822 778 892; x_wconf 84' lang='lat' dir='ltr'>gravitate</span> <span class='ocrx_word' id='word_1_53' title='bbox 796 824 893 876; x_wconf 87' lang='lat' dir='ltr'>carina</span> 
     </span>
    </p>

    <p class='ocr_par' dir='ltr' id='par_1_6' title="bbox 122 839 1020 1244">
     <span class='ocr_line' id='line_1_9' title="bbox 122 839 902 963; baseline 0.008 -23"><span class='ocrx_word' id='word_1_54' title='bbox 122 888 173 945; x_wconf 82' lang='lat'>695</span> <span class='ocrx_word' id='word_1_55' title='bbox 190 892 337 959; x_wconf 78' lang='lat' dir='ltr'>Aeneadae</span> <span class='ocrx_word' id='word_1_56' title='bbox 347 839 484 963; x_wconf 55' lang='lat' dir='ltr'>gaudent,</span> <span class='ocrx_word' id='word_1_57' title='bbox 503 907 641 961; x_wconf 80' lang='lat' dir='ltr'>caesoque</span> <span class='ocrx_word' id='word_1_58' title='bbox 659 892 688 942; x_wconf 94' lang='lat' dir='ltr'>in</span> <span class='ocrx_word' id='word_1_59' title='bbox 705 890 802 944; x_wconf 83' lang='lat' dir='ltr'>littora</span> <span class='ocrx_word' id='word_1_60' title='bbox 819 901 902 953; x_wconf 85' lang='lat' dir='ltr'>tauro</span> 
     </span>
     <span class='ocr_line' id='line_1_10' title="bbox 189 960 871 1031; baseline 0.004 -18"><span class='ocrx_word' id='word_1_61' title='bbox 189 962 275 1014; x_wconf 84' lang='lat' dir='ltr'>Torta</span> <span class='ocrx_word' id='word_1_62' title='bbox 293 960 442 1025; x_wconf 77' lang='lat' dir='ltr'>coronatae</span> <span class='ocrx_word' id='word_1_63' title='bbox 460 960 572 1019; x_wconf 78' lang='lat' dir='ltr'>solvunt</span> <span class='ocrx_word' id='word_1_64' title='bbox 587 960 746 1012; x_wconf 87' lang='lat' dir='ltr'>retinacula</span> <span class='ocrx_word' id='word_1_65' title='bbox 762 962 871 1031; x_wconf 85' lang='lat' dir='ltr'><strong>puppis.</strong></span> 
     </span>
     <span class='ocr_line' id='line_1_11' title="bbox 188 1030 952 1100; baseline 0.005 -18"><span class='ocrx_word' id='word_1_66' title='bbox 188 1031 342 1100; x_wconf 83' lang='lat' dir='ltr'>Impulerat</span> <span class='ocrx_word' id='word_1_67' title='bbox 360 1030 428 1087; x_wconf 80' lang='lat' dir='ltr'>levis</span> <span class='ocrx_word' id='word_1_68' title='bbox 445 1046 514 1083; x_wconf 88' lang='lat' dir='ltr'>aura</span> <span class='ocrx_word' id='word_1_69' title='bbox 531 1039 631 1083; x_wconf 85' lang='lat' dir='ltr'>ratem.</span> <span class='ocrx_word' id='word_1_70' title='bbox 666 1032 741 1082; x_wconf 87' lang='lat' dir='ltr'>Deus</span> <span class='ocrx_word' id='word_1_71' title='bbox 759 1031 865 1084; x_wconf 85' lang='lat' dir='ltr'>eminet</span> <span class='ocrx_word' id='word_1_72' title='bbox 882 1032 952 1086; x_wconf 84' lang='lat' dir='ltr'>alte:</span> 
     </span>
     <span class='ocr_line' id='line_1_12' title="bbox 187 1099 942 1171; baseline 0.004 -19"><span class='ocrx_word' id='word_1_73' title='bbox 187 1101 375 1171; x_wconf 83' lang='lat' dir='ltr'>Impositaque</span> <span class='ocrx_word' id='word_1_74' title='bbox 388 1115 516 1170; x_wconf 86' lang='lat' dir='ltr'>premens</span> <span class='ocrx_word' id='word_1_75' title='bbox 532 1099 651 1169; x_wconf 86' lang='lat' dir='ltr'><strong>puppim</strong></span> <span class='ocrx_word' id='word_1_76' title='bbox 668 1100 777 1152; x_wconf 87' lang='lat' dir='ltr'>cervice</span> <span class='ocrx_word' id='word_1_77' title='bbox 793 1117 942 1155; x_wconf 85' lang='lat' dir='ltr'>recurvam</span> 
     </span>
     <span class='ocr_line' id='line_1_13' title="bbox 189 1169 1020 1244; baseline 0.006 -23"><span class='ocrx_word' id='word_1_78' title='bbox 189 1171 334 1223; x_wconf 85' lang='lat' dir='ltr'>Caeruleas</span> <span class='ocrx_word' id='word_1_79' title='bbox 347 1169 495 1238; x_wconf 74' lang='lat' dir='ltr'>¹despectat</span> <span class='ocrx_word' id='word_1_80' title='bbox 513 1187 612 1240; x_wconf 88' lang='lat' dir='ltr'>aquas:</span> <span class='ocrx_word' id='word_1_81' title='bbox 649 1169 822 1239; x_wconf 80' lang='lat' dir='ltr'>medicisque</span> <span class='ocrx_word' id='word_1_82' title='bbox 840 1189 891 1240; x_wconf 90' lang='lat' dir='ltr'>per</span> <span class='ocrx_word' id='word_1_83' title='bbox 910 1188 1020 1244; x_wconf 87' lang='lat' dir='ltr'>aequor</span> 
     </span>
    </p>

    <p class='ocr_par' dir='ltr' id='par_1_7' title="bbox 119 1230 871 1496">
     <span class='ocr_line' id='line_1_14' title="bbox 119 1230 810 1308; baseline 0.004 -20"><span class='ocrx_word' id='word_1_84' title='bbox 119 1230 173 1291; x_wconf 83' lang='grc'>700</span> <span class='ocrx_word' id='word_1_85' title='bbox 189 1240 299 1291; x_wconf 87' lang='lat' dir='ltr'>lonium</span> <span class='ocrx_word' id='word_1_86' title='bbox 315 1236 446 1308; x_wconf 80' lang='lat' dir='ltr'><strong>Zephyris</strong></span> <span class='ocrx_word' id='word_1_87' title='bbox 464 1248 541 1293; x_wconf 81' lang='lat' dir='ltr'>sexto</span> <span class='ocrx_word' id='word_1_88' title='bbox 559 1238 726 1301; x_wconf 81' lang='lat' dir='ltr'>Pallantidos</span> <span class='ocrx_word' id='word_1_89' title='bbox 744 1249 810 1293; x_wconf 90' lang='lat' dir='ltr'>ortu</span> 
     </span>
     <span class='ocr_line' id='line_1_15' title="bbox 187 1308 871 1378; baseline 0.004 -19"><span class='ocrx_word' id='word_1_90' title='bbox 187 1309 298 1360; x_wconf 88' lang='lat' dir='ltr'>Italiam</span> <span class='ocrx_word' id='word_1_91' title='bbox 314 1310 413 1376; x_wconf 88' lang='lat' dir='ltr'>tenuit,</span> <span class='ocrx_word' id='word_1_92' title='bbox 444 1317 613 1378; x_wconf 78' lang='lat' dir='ltr'>praeterque</span> <span class='ocrx_word' id='word_1_93' title='bbox 633 1308 747 1360; x_wconf 86' lang='lat' dir='ltr'>Lacinia</span> <span class='ocrx_word' id='word_1_94' title='bbox 764 1309 871 1378; x_wconf 85' lang='lat' dir='ltr'>templo</span> 
     </span>
     <span class='ocr_line' id='line_1_16' title="bbox 187 1377 870 1496; baseline 0.003 -66"><span class='ocrx_word' id='word_1_95' title='bbox 187 1378 339 1439; x_wconf 79' lang='lat' dir='ltr'>Nobilitata</span> <span class='ocrx_word' id='word_1_96' title='bbox 362 1378 431 1429; x_wconf 87' lang='lat' dir='ltr'>deae</span> <span class='ocrx_word' id='word_1_97' title='bbox 450 1378 637 1496; x_wconf 74' lang='lat' dir='ltr'>Seplaceaque</span> <span class='ocrx_word' id='word_1_98' title='bbox 656 1377 753 1429; x_wconf 89' lang='lat' dir='ltr'>littora</span> <span class='ocrx_word' id='word_1_99' title='bbox 770 1378 870 1432; x_wconf 87' lang='lat' dir='ltr'>fertur.</span> 
     </span>
    </p>

    <p class='ocr_par' dir='ltr' id='par_1_8' title="bbox 187 1447 908 1519">
     <span class='ocr_line' id='line_1_17' title="bbox 187 1447 908 1519; baseline 0.003 -21"><span class='ocrx_word' id='word_1_100' title='bbox 187 1447 301 1519; x_wconf 84' lang='lat' dir='ltr'>Linquit</span> <span class='ocrx_word' id='word_1_101' title='bbox 318 1447 469 1516; x_wconf 79' lang='lat' dir='ltr'>liipygiarn,</span> <span class='ocrx_word' id='word_1_102' title='bbox 498 1463 621 1515; x_wconf 75' lang='lat' dir='ltr'>aeraque</span> <span class='ocrx_word' id='word_1_103' title='bbox 638 1448 792 1515; x_wconf 86' lang='lat' dir='ltr'>Amphissia</span> <span class='ocrx_word' id='word_1_104' title='bbox 809 1449 908 1500; x_wconf 83' lang='lat' dir='ltr'>remis-</span> 
     </span>
    </p>

    <p class='ocr_par' dir='ltr' id='par_1_9' title="bbox 132 1515 1055 1596">
     <span class='ocr_line' id='line_1_18' title="bbox 132 1515 1055 1596; baseline 0.005 -30"><span class='ocrx_word' id='word_1_105' title='bbox 132 1536 134 1543; x_wconf 41' lang='lat' dir='ltr'>s</span> <span class='ocrx_word' id='word_1_106' title='bbox 185 1519 255 1567; x_wconf 80' lang='lat' dir='ltr'>Saxa</span> <span class='ocrx_word' id='word_1_107' title='bbox 274 1515 362 1596; x_wconf 78' lang='lat' dir='ltr'>fugit:</span> <span class='ocrx_word' id='word_1_108' title='bbox 387 1515 484 1571; x_wconf 81' lang='lat' dir='ltr'>dextra</span> <span class='ocrx_word' id='word_1_109' title='bbox 500 1523 653 1584; x_wconf 84' lang='lat' dir='ltr'>praerupta</span> <span class='ocrx_word' id='word_1_110' title='bbox 670 1518 806 1570; x_wconf 86' lang='lat' dir='ltr'>Ceraunia</span> <span class='ocrx_word' id='word_1_111' title='bbox 821 1528 910 1588; x_wconf 87' lang='lat' dir='ltr'>parte,</span> <span class='ocrx_word' id='word_1_112' title='bbox 1051 1556 1055 1563; x_wconf 85' lang='lat'>-</span> 
     </span>
    </p>

    <p class='ocr_par' dir='ltr' id='par_1_10' title="bbox 116 1579 1027 1934">
     <span class='ocr_line' id='line_1_19' title="bbox 116 1579 1027 1658; baseline 0.004 -25"><span class='ocrx_word' id='word_1_113' title='bbox 116 1579 168 1638; x_wconf 83' lang='lat'>705</span> <span class='ocrx_word' id='word_1_114' title='bbox 185 1585 425 1654; x_wconf 82' lang='lat' dir='ltr'>Romeoluurnque</span> <span class='ocrx_word' id='word_1_115' title='bbox 441 1584 518 1655; x_wconf 82' lang='lat' dir='ltr'>legit,</span> <span class='ocrx_word' id='word_1_116' title='bbox 544 1585 731 1655; x_wconf 77' lang='lat' dir='ltr'>(leuiumque,</span> <span class='ocrx_word' id='word_1_117' title='bbox 751 1589 967 1658; x_wconf 78' lang='lat' dir='ltr'>Naryciamque,</span> <span class='ocrx_word' id='word_1_118' title='bbox 1025 1633 1027 1637; x_wconf 91' lang='lat'>.</span> 
     </span>
     <span class='ocr_line' id='line_1_20' title="bbox 185 1654 898 1735; baseline 0.003 -28"><span class='ocrx_word' id='word_1_119' title='bbox 185 1656 348 1725; x_wconf 87' lang='lat' dir='ltr'>Evincitqne</span> <span class='ocrx_word' id='word_1_120' title='bbox 365 1655 480 1721; x_wconf 80' lang='lat' dir='ltr'>fretum,</span> <span class='ocrx_word' id='word_1_121' title='bbox 508 1654 648 1735; x_wconf 85' lang='lat' dir='ltr'>Siculique</span> <span class='ocrx_word' id='word_1_122' title='bbox 666 1665 782 1731; x_wconf 84' lang='lat' dir='ltr'>angusta</span> <span class='ocrx_word' id='word_1_123' title='bbox 798 1657 898 1724; x_wconf 86' lang='lat' dir='ltr'>Pelori,</span> 
     </span>
     <span class='ocr_line' id='line_1_21' title="bbox 185 1723 975 1795; baseline 0.004 -19"><span class='ocrx_word' id='word_1_124' title='bbox 185 1724 417 1794; x_wconf 82' lang='lat' dir='ltr'>Hippotadaeque</span> <span class='ocrx_word' id='word_1_125' title='bbox 432 1723 534 1776; x_wconf 83' lang='lat' dir='ltr'>domos</span> <span class='ocrx_word' id='word_1_126' title='bbox 547 1741 579 1777; x_wconf 91' lang='lat' dir='ltr'>re</span> <span class='ocrx_word' id='word_1_127' title='bbox 625 1763 632 1789; x_wconf 95' lang='lat'>,</span> <span class='ocrx_word' id='word_1_128' title='bbox 649 1727 833 1795; x_wconf 78' lang='lat' dir='ltr'>Temesesque</span> <span class='ocrx_word' id='word_1_129' title='bbox 847 1726 975 1790; x_wconf 82' lang='lat' dir='ltr'>metalla,</span> 
     </span>
     <span class='ocr_line' id='line_1_22' title="bbox 185 1794 899 1863; baseline 0.006 -18"><span class='ocrx_word' id='word_1_130' title='bbox 185 1794 405 1863; x_wconf 81' lang='lat' dir='ltr'>Leucosiamque</span> <span class='ocrx_word' id='word_1_131' title='bbox 421 1794 500 1863; x_wconf 87' lang='lat' dir='ltr'>petit,</span> <span class='ocrx_word' id='word_1_132' title='bbox 516 1794 572 1861; x_wconf 91' lang='lat' dir='ltr'>tepi</span> <span class='ocrx_word' id='word_1_133' title='bbox 597 1795 659 1863; x_wconf 86' lang='lat' dir='ltr'>&#39;que</span> <span class='ocrx_word' id='word_1_134' title='bbox 677 1796 783 1847; x_wconf 86' lang='lat' dir='ltr'>rosaria</span> <span class='ocrx_word' id='word_1_135' title='bbox 802 1796 899 1849; x_wconf 87' lang='lat' dir='ltr'>Paesti.</span> 
     </span>
     <span class='ocr_line' id='line_1_23' title="bbox 185 1863 953 1934; baseline 0.005 -20"><span class='ocrx_word' id='word_1_136' title='bbox 185 1863 252 1914; x_wconf 90' lang='lat' dir='ltr'>lnde</span> <span class='ocrx_word' id='word_1_137' title='bbox 269 1863 338 1933; x_wconf 81' lang='lat' dir='ltr'>legit</span> <span class='ocrx_word' id='word_1_138' title='bbox 356 1865 482 1932; x_wconf 82' lang='lat' dir='ltr'>Capreas,</span> <span class='ocrx_word' id='word_1_139' title='bbox 499 1864 781 1934; x_wconf 87' lang='lat' dir='ltr'>promontoriumque</span> <span class='ocrx_word' id='word_1_140' title='bbox 801 1865 953 1927; x_wconf 74' lang='lat' dir='ltr'>Miuuavae,</span> 
     </span>
    </p>

    <p class='ocr_par' dir='ltr' id='par_1_11' title="bbox 106 1932 827 2003">
     <span class='ocr_line' id='line_1_24' title="bbox 106 1932 827 2003; baseline 0.001 -19"><span class='ocrx_word' id='word_1_141' title='bbox 106 1937 168 1992; x_wconf 65' lang='grc'>,710</span> <span class='ocrx_word' id='word_1_142' title='bbox 184 1935 217 1984; x_wconf 90' lang='lat' dir='ltr'>Et</span> <span class='ocrx_word' id='word_1_143' title='bbox 240 1933 402 1985; x_wconf 81' lang='lat' dir='ltr'>Surrentino</span> <span class='ocrx_word' id='word_1_144' title='bbox 427 1948 576 2003; x_wconf 85' lang='lat' dir='ltr'>generosos</span> <span class='ocrx_word' id='word_1_145' title='bbox 599 1932 827 2001; x_wconf 73' lang='lat' dir='ltr'>palmitecolles,</span> 
     </span>
    </p>

    <p class='ocr_par' dir='ltr' id='par_1_12' title="bbox 95 2002 1009 2211">
     <span class='ocr_line' id='line_1_25' title="bbox 95 2002 1009 2073; baseline 0.002 -16"><span class='ocrx_word' id='word_1_146' title='bbox 95 2052 100 2057; x_wconf 82' lang='grc'>.</span> <span class='ocrx_word' id='word_1_147' title='bbox 182 2002 406 2073; x_wconf 83' lang='lat' dir='ltr'>Herculeamque</span> <span class='ocrx_word' id='word_1_148' title='bbox 423 2002 533 2067; x_wconf 88' lang='lat' dir='ltr'>urbem,</span> <span class='ocrx_word' id='word_1_149' title='bbox 552 2002 723 2072; x_wconf 73' lang='lat' dir='ltr'>Stabiasque,</span> <span class='ocrx_word' id='word_1_150' title='bbox 741 2012 770 2056; x_wconf 87' lang='lat' dir='ltr'>et</span> <span class='ocrx_word' id='word_1_151' title='bbox 787 2003 816 2054; x_wconf 94' lang='lat' dir='ltr'>in</span> <span class='ocrx_word' id='word_1_152' title='bbox 835 2006 891 2057; x_wconf 87' lang='lat' dir='ltr'>otia</span> <span class='ocrx_word' id='word_1_153' title='bbox 908 2012 1009 2059; x_wconf 86' lang='lat' dir='ltr'>natam</span> 
     </span>
     <span class='ocr_line' id='line_1_26' title="bbox 182 2071 985 2143; baseline 0.004 -19"><span class='ocrx_word' id='word_1_154' title='bbox 182 2071 384 2139; x_wconf 84' lang='lat' dir='ltr'>Parthenopen,</span> <span class='ocrx_word' id='word_1_155' title='bbox 402 2074 432 2123; x_wconf 86' lang='lat' dir='ltr'>et</span> <span class='ocrx_word' id='word_1_156' title='bbox 448 2072 483 2124; x_wconf 86' lang='lat' dir='ltr'>ab</span> <span class='ocrx_word' id='word_1_157' title='bbox 500 2072 554 2122; x_wconf 85' lang='lat' dir='ltr'>hac</span> <span class='ocrx_word' id='word_1_158' title='bbox 565 2073 710 2139; x_wconf 16' lang='lat' dir='ltr'>‘Cumaeae</span> <span class='ocrx_word' id='word_1_159' title='bbox 726 2073 833 2140; x_wconf 87' lang='lat' dir='ltr'>templa</span> <span class='ocrx_word' id='word_1_160' title='bbox 853 2074 985 2143; x_wconf 79' lang='lat' dir='ltr'>Sibyllae.</span> 
     </span>
     <span class='ocr_line' id='line_1_27' title="bbox 182 2140 915 2211; baseline 0.007 -20"><span class='ocrx_word' id='word_1_161' title='bbox 182 2140 253 2192; x_wconf 84' lang='lat' dir='ltr'>llinc</span> <span class='ocrx_word' id='word_1_162' title='bbox 272 2140 366 2192; x_wconf 86' lang='lat' dir='ltr'>callidi</span> <span class='ocrx_word' id='word_1_163' title='bbox 384 2140 486 2207; x_wconf 81' lang='lat' dir='ltr'>fontes,</span> <span class='ocrx_word' id='word_1_164' title='bbox 504 2140 766 2211; x_wconf 83' lang='lat' dir='ltr'>lentisciferumque</span> <span class='ocrx_word' id='word_1_165' title='bbox 783 2152 915 2196; x_wconf 86' lang='lat' dir='ltr'>tenentur</span> 
     </span>
    </p>

    <p class='ocr_par' dir='ltr' id='par_1_13' title="bbox 108 2209 988 2282">
     <span class='ocr_line' id='line_1_28' title="bbox 108 2209 988 2282; baseline 0.008 -23"><span class='ocrx_word' id='word_1_166' title='bbox 108 2232 114 2265; x_wconf 71' lang='lat' dir='ltr'>r</span> <span class='ocrx_word' id='word_1_167' title='bbox 136 2268 152 2273; x_wconf 90' lang='lat'>..</span> <span class='ocrx_word' id='word_1_168' title='bbox 181 2210 335 2277; x_wconf 88' lang='lat' dir='ltr'>Litemum‚</span> <span class='ocrx_word' id='word_1_169' title='bbox 354 2209 529 2280; x_wconf 85' lang='lat' dir='ltr'>multamque</span> <span class='ocrx_word' id='word_1_170' title='bbox 545 2210 658 2267; x_wconf 87' lang='lat' dir='ltr'>trahens</span> <span class='ocrx_word' id='word_1_171' title='bbox 676 2212 726 2262; x_wconf 90' lang='lat' dir='ltr'>sub</span> <span class='ocrx_word' id='word_1_172' title='bbox 745 2214 854 2282; x_wconf 77' lang='lat' dir='ltr'>gurgite</span> <span class='ocrx_word' id='word_1_173' title='bbox 869 2229 988 2271; x_wconf 83' lang='lat' dir='ltr'>arenam</span> 
     </span>
    </p>

    <p class='ocr_par' dir='ltr' id='par_1_14' title="bbox 112 2279 1004 2557">
     <span class='ocr_line' id='line_1_29' title="bbox 112 2279 969 2349; baseline 0.009 -20"><span class='ocrx_word' id='word_1_174' title='bbox 112 2279 165 2336; x_wconf 82' lang='lat'>715</span> <span class='ocrx_word' id='word_1_175' title='bbox 181 2279 341 2345; x_wconf 78' lang='lat' dir='ltr'>Vulturnus,</span> <span class='ocrx_word' id='word_1_176' title='bbox 369 2279 511 2349; x_wconf 81' lang='lat' dir='ltr'>niveisque</span> <span class='ocrx_word' id='word_1_177' title='bbox 523 2279 655 2349; x_wconf 85' lang='lat' dir='ltr'>frequens</span> <span class='ocrx_word' id='word_1_178' title='bbox 672 2281 799 2332; x_wconf 81' lang='lat' dir='ltr'>Sinuessa</span> <span class='ocrx_word' id='word_1_179' title='bbox 816 2281 969 2340; x_wconf 85' lang='lat' dir='ltr'>columbis:</span> 
     </span>
     <span class='ocr_line' id='line_1_30' title="bbox 180 2349 1004 2423; baseline 0.005 -22"><span class='ocrx_word' id='word_1_180' title='bbox 180 2349 392 2419; x_wconf 80' lang='lat' dir='ltr'>Minturnaeque</span> <span class='ocrx_word' id='word_1_181' title='bbox 408 2365 516 2419; x_wconf 83' lang='lat' dir='ltr'>graves,</span> <span class='ocrx_word' id='word_1_182' title='bbox 547 2357 575 2400; x_wconf 91' lang='lat' dir='ltr'>et</span> <span class='ocrx_word' id='word_1_183' title='bbox 593 2366 678 2419; x_wconf 88' lang='lat' dir='ltr'>quam</span> <span class='ocrx_word' id='word_1_184' title='bbox 696 2350 846 2402; x_wconf 88' lang='lat' dir='ltr'>tumulavit</span> <span class='ocrx_word' id='word_1_185' title='bbox 863 2352 1004 2423; x_wconf 75' lang='lat' dir='ltr'>alumnus,</span> 
     </span>
     <span class='ocr_line' id='line_1_31' title="bbox 181 2418 984 2492; baseline 0.009 -22"><span class='ocrx_word' id='word_1_186' title='bbox 181 2419 403 2488; x_wconf 79' lang='lat' dir='ltr'>Antiphataeque</span> <span class='ocrx_word' id='word_1_187' title='bbox 421 2418 527 2484; x_wconf 90' lang='lat' dir='ltr'>domos,</span> <span class='ocrx_word' id='word_1_188' title='bbox 551 2418 726 2488; x_wconf 70' lang='lat' dir='ltr'>&#39;lrachasque</span> <span class='ocrx_word' id='word_1_189' title='bbox 744 2420 984 2492; x_wconf 81' lang='lat' dir='ltr'>obsessapalude,</span> 
     </span>
     <span class='ocr_line' id='line_1_32' title="bbox 179 2483 971 2557; baseline 0.006 -17"><span class='ocrx_word' id='word_1_190' title='bbox 179 2489 214 2540; x_wconf 89' lang='lat' dir='ltr'>Et</span> <span class='ocrx_word' id='word_1_191' title='bbox 230 2483 312 2547; x_wconf 80' lang='lat' dir='ltr'>tellus</span> <span class='ocrx_word' id='word_1_192' title='bbox 331 2489 453 2554; x_wconf 87' lang='lat' dir='ltr'>Circaea,</span> <span class='ocrx_word' id='word_1_193' title='bbox 472 2497 499 2540; x_wconf 91' lang='lat' dir='ltr'>et</span> <span class='ocrx_word' id='word_1_194' title='bbox 516 2488 713 2557; x_wconf 82' lang='lat' dir='ltr'>spissilittoris</span> <span class='ocrx_word' id='word_1_195' title='bbox 729 2490 851 2545; x_wconf 58' lang='lat' dir='ltr'>Antium)</span> <span class='ocrx_word' id='word_1_196' title='bbox 969 2495 971 2499; x_wconf 75' lang='grc'>’</span> 
     </span>
    </p>

    <p class='ocr_par' dir='ltr' id='par_1_15' title="bbox 109 2557 903 2627">
     <span class='ocr_line' id='line_1_33' title="bbox 109 2557 903 2627; baseline 0.004 -18"><span class='ocrx_word' id='word_1_197' title='bbox 109 2590 113 2609; x_wconf 81' lang='lat' dir='ltr'>t</span> <span class='ocrx_word' id='word_1_198' title='bbox 180 2559 241 2608; x_wconf 87' lang='lat' dir='ltr'>Huc</span> <span class='ocrx_word' id='word_1_199' title='bbox 259 2558 307 2610; x_wconf 91' lang='lat' dir='ltr'>ubi</span> <span class='ocrx_word' id='word_1_200' title='bbox 323 2558 469 2611; x_wconf 79' lang='lat' dir='ltr'>veliferam</span> <span class='ocrx_word' id='word_1_201' title='bbox 485 2565 587 2623; x_wconf 83' lang='lat' dir='ltr'>nautae</span> <span class='ocrx_word' id='word_1_202' title='bbox 604 2557 749 2610; x_wconf 88' lang='lat' dir='ltr'>advertere</span> <span class='ocrx_word' id='word_1_203' title='bbox 767 2561 903 2627; x_wconf 87' lang='lat' dir='ltr'>carinam,</span> 
     </span>
    </p>

    <p class='ocr_par' dir='ltr' id='par_1_16' title="bbox 92 2624 982 2904">
     <span class='ocr_line' id='line_1_34' title="bbox 92 2624 982 2699; baseline 0.002 -18"><span class='ocrx_word' id='word_1_204' title='bbox 92 2624 162 2681; x_wconf 60' lang='lat'>⁸720</span> <span class='ocrx_word' id='word_1_205' title='bbox 178 2631 264 2695; x_wconf 80' lang='lat' dir='ltr'>Asper</span> <span class='ocrx_word' id='word_1_206' title='bbox 289 2628 363 2679; x_wconf 86' lang='lat' dir='ltr'>enirn</span> <span class='ocrx_word' id='word_1_207' title='bbox 381 2628 438 2678; x_wconf 89' lang='lat' dir='ltr'>iam</span> <span class='ocrx_word' id='word_1_208' title='bbox 456 2636 558 2697; x_wconf 84' lang='lat' dir='ltr'>pontus</span> <span class='ocrx_word' id='word_1_209' title='bbox 575 2635 644 2695; x_wconf 90' lang='lat' dir='ltr'>erat,</span> <span class='ocrx_word' id='word_1_210' title='bbox 667 2626 734 2679; x_wconf 86' lang='lat' dir='ltr'>deus</span> <span class='ocrx_word' id='word_1_211' title='bbox 751 2629 871 2698; x_wconf 78' lang='lat' dir='ltr'>explicat</span> <span class='ocrx_word' id='word_1_212' title='bbox 889 2631 982 2699; x_wconf 82' lang='lat' dir='ltr'>orbes,</span> 
     </span>
     <span class='ocr_line' id='line_1_35' title="bbox 180 2696 960 2767; baseline 0.006 -20"><span class='ocrx_word' id='word_1_213' title='bbox 180 2697 378 2765; x_wconf 81' lang='lat' dir='ltr'>Perquesinus</span> <span class='ocrx_word' id='word_1_214' title='bbox 395 2697 509 2749; x_wconf 84' lang='lat' dir='ltr'>crebros</span> <span class='ocrx_word' id='word_1_215' title='bbox 528 2705 556 2748; x_wconf 88' lang='lat' dir='ltr'>et</span> <span class='ocrx_word' id='word_1_216' title='bbox 572 2714 675 2767; x_wconf 88' lang='lat' dir='ltr'>magna</span> <span class='ocrx_word' id='word_1_217' title='bbox 692 2696 835 2751; x_wconf 84' lang='lat' dir='ltr'>volumina</span> <span class='ocrx_word' id='word_1_218' title='bbox 851 2698 960 2767; x_wconf 87' lang='lat' dir='ltr'>labens,</span> 
     </span>
     <span class='ocr_line' id='line_1_36' title="bbox 177 2765 901 2836; baseline 0.007 -19"><span class='ocrx_word' id='word_1_219' title='bbox 177 2765 293 2834; x_wconf 87' lang='lat' dir='ltr'>Templa</span> <span class='ocrx_word' id='word_1_220' title='bbox 311 2766 434 2836; x_wconf 87' lang='lat' dir='ltr'>parentis</span> <span class='ocrx_word' id='word_1_221' title='bbox 451 2767 510 2832; x_wconf 85' lang='lat' dir='ltr'>init,</span> <span class='ocrx_word' id='word_1_222' title='bbox 528 2766 635 2818; x_wconf 87' lang='lat' dir='ltr'>ssavum</span> <span class='ocrx_word' id='word_1_223' title='bbox 654 2769 797 2836; x_wconf 81' lang='lat' dir='ltr'>tangentia</span> <span class='ocrx_word' id='word_1_224' title='bbox 814 2768 901 2823; x_wconf 85' lang='lat' dir='ltr'>littus.</span> 
     </span>
     <span class='ocr_line' id='line_1_37' title="bbox 177 2835 804 2904; baseline 0.008 -20"><span class='ocrx_word' id='word_1_225' title='bbox 177 2838 305 2902; x_wconf 82' lang='lat' dir='ltr'>Aequore</span> <span class='ocrx_word' id='word_1_226' title='bbox 322 2845 424 2903; x_wconf 87' lang='lat' dir='ltr'>pacato</span> <span class='ocrx_word' id='word_1_227' title='bbox 442 2836 544 2904; x_wconf 85' lang='lat' dir='ltr'>patrias</span> <span class='ocrx_word' id='word_1_228' title='bbox 561 2835 804 2903; x_wconf 83' lang='lat' dir='ltr'>Epidauriusaras</span> 
     </span>
    </p>

    <p class='ocr_par' dir='ltr' id='par_1_17' title="bbox 107 2903 897 2973">
     <span class='ocr_line' id='line_1_38' title="bbox 107 2903 897 2973; baseline 0.005 -18"><span class='ocrx_word' id='word_1_229' title='bbox 107 2952 110 2959; x_wconf 86' lang='grc'><em>,</em></span> <span class='ocrx_word' id='word_1_230' title='bbox 176 2903 298 2972; x_wconf 80' lang='lat' dir='ltr'>Linquit,</span> <span class='ocrx_word' id='word_1_231' title='bbox 312 2952 315 2961; x_wconf 91' lang='grc'><em>,</em></span> <span class='ocrx_word' id='word_1_232' title='bbox 327 2912 356 2956; x_wconf 86' lang='lat' dir='ltr'>et</span> <span class='ocrx_word' id='word_1_233' title='bbox 371 2905 493 2973; x_wconf 83' lang='lat' dir='ltr'>hospitio</span> <span class='ocrx_word' id='word_1_234' title='bbox 511 2905 601 2959; x_wconf 88' lang='lat' dir='ltr'>iuncti</span> <span class='ocrx_word' id='word_1_235' title='bbox 617 2904 670 2957; x_wconf 89' lang='lat' dir='ltr'>sihi</span> <span class='ocrx_word' id='word_1_236' title='bbox 687 2906 808 2958; x_wconf 88' lang='lat' dir='ltr'>nominis</span> <span class='ocrx_word' id='word_1_237' title='bbox 823 2923 897 2973; x_wconf 85' lang='lat' dir='ltr'>usus,</span> 
     </span>
    </p>

    <p class='ocr_par' dir='ltr' id='par_1_18' title="bbox 111 2971 998 3261">
     <span class='ocr_line' id='line_1_39' title="bbox 111 2971 902 3043; baseline 0.006 -19"><span class='ocrx_word' id='word_1_238' title='bbox 111 2971 163 3026; x_wconf 78' lang='lat'>725</span> <span class='ocrx_word' id='word_1_239' title='bbox 180 2972 335 3025; x_wconf 89' lang='lat' dir='ltr'>Littoream</span> <span class='ocrx_word' id='word_1_240' title='bbox 351 2983 444 3031; x_wconf 88' lang='lat' dir='ltr'>tractu</span> <span class='ocrx_word' id='word_1_241' title='bbox 459 2990 591 3043; x_wconf 90' lang='lat' dir='ltr'>squamae</span> <span class='ocrx_word' id='word_1_242' title='bbox 610 2975 768 3043; x_wconf 86' lang='lat' dir='ltr'>crepitantis</span> <span class='ocrx_word' id='word_1_243' title='bbox 785 2993 902 3029; x_wconf 87' lang='lat' dir='ltr'>arenam</span> 
     </span>
     <span class='ocr_line' id='line_1_40' title="bbox 177 3041 923 3112; baseline 0.004 -20"><span class='ocrx_word' id='word_1_244' title='bbox 177 3041 280 3109; x_wconf 70' lang='lat' dir='ltr'>uacat,</span> <span class='ocrx_word' id='word_1_245' title='bbox 299 3051 335 3109; x_wconf 90' lang='lat' dir='ltr'>et,</span> <span class='ocrx_word' id='word_1_246' title='bbox 350 3043 459 3103; x_wconf 81' lang='lat' dir='ltr'>innixus</span> <span class='ocrx_word' id='word_1_247' title='bbox 475 3043 667 3095; x_wconf 83' lang='lat' dir='ltr'>moderamine</span> <span class='ocrx_word' id='word_1_248' title='bbox 684 3046 770 3112; x_wconf 89' lang='lat' dir='ltr'>navis,</span> <span class='ocrx_word' id='word_1_249' title='bbox 794 3047 824 3097; x_wconf 90' lang='lat' dir='ltr'>in</span> <span class='ocrx_word' id='word_1_250' title='bbox 842 3046 899 3098; x_wconf 88' lang='lat' dir='ltr'>alta</span> <span class='ocrx_word' id='word_1_251' title='bbox 921 3088 923 3095; x_wconf 31' lang='lat' dir='ltr'>s</span> 
     </span>
     <span class='ocr_line' id='line_1_41' title="bbox 175 3112 998 3190; baseline 0.007 -28"><span class='ocrx_word' id='word_1_252' title='bbox 175 3112 269 3190; x_wconf 88' lang='lat' dir='ltr'>Puppe</span> <span class='ocrx_word' id='word_1_253' title='bbox 288 3121 371 3181; x_wconf 78' lang='lat' dir='ltr'>cappt</span> <span class='ocrx_word' id='word_1_254' title='bbox 387 3112 495 3181; x_wconf 89' lang='lat' dir='ltr'>posuit;</span> <span class='ocrx_word' id='word_1_255' title='bbox 517 3112 607 3165; x_wconf 82' lang='lat' dir='ltr'>donec</span> <span class='ocrx_word' id='word_1_256' title='bbox 625 3114 816 3184; x_wconf 85' lang='lat' dir='ltr'>Castrumque,</span> <span class='ocrx_word' id='word_1_257' title='bbox 845 3131 998 3188; x_wconf 82' lang='lat' dir='ltr'>sacrasque</span> 
     </span>
     <span class='ocr_line' id='line_1_42' title="bbox 176 3180 829 3261; baseline 0.011 -32"><span class='ocrx_word' id='word_1_258' title='bbox 176 3180 274 3231; x_wconf 83' lang='lat' dir='ltr'>Levrnl</span> <span class='ocrx_word' id='word_1_259' title='bbox 287 3181 373 3247; x_wconf 86' lang='lat' dir='ltr'>sedes,</span> <span class='ocrx_word' id='word_1_260' title='bbox 403 3182 588 3261; x_wconf 82' lang='lat' dir='ltr'>Tiberinaque</span> <span class='ocrx_word' id='word_1_261' title='bbox 606 3180 641 3232; x_wconf 90' lang='lat' dir='ltr'>ad</span> <span class='ocrx_word' id='word_1_262' title='bbox 659 3184 728 3238; x_wconf 87' lang='lat' dir='ltr'>ostia</span> <span class='ocrx_word' id='word_1_263' title='bbox 744 3185 829 3237; x_wconf 90' lang='lat' dir='ltr'>venit.</span> 
     </span>
    </p>

    <p class='ocr_par' dir='ltr' id='par_1_19' title="bbox 108 3248 977 3323">
     <span class='ocr_line' id='line_1_43' title="bbox 108 3248 977 3323; baseline 0.014 -27"><span class='ocrx_word' id='word_1_264' title='bbox 108 3256 148 3303; x_wconf 71' lang='lat' dir='ltr'>”s</span> <span class='ocrx_word' id='word_1_265' title='bbox 175 3248 237 3299; x_wconf 88' lang='lat' dir='ltr'>Huc</span> <span class='ocrx_word' id='word_1_266' title='bbox 256 3266 352 3301; x_wconf 92' lang='lat' dir='ltr'>omnes</span> <span class='ocrx_word' id='word_1_267' title='bbox 366 3250 465 3319; x_wconf 84' lang='lat' dir='ltr'>populi</span> <span class='ocrx_word' id='word_1_268' title='bbox 482 3267 594 3318; x_wconf 78' lang='lat' dir='ltr'>passim,</span> <span class='ocrx_word' id='word_1_269' title='bbox 611 3260 790 3322; x_wconf 88' lang='lat' dir='ltr'>matrumque</span> <span class='ocrx_word' id='word_1_270' title='bbox 806 3263 977 3323; x_wconf 78' lang='lat' dir='ltr'>patrumque</span> 
     </span>
    </p>

    <p class='ocr_par' dir='ltr' id='par_1_20' title="bbox 108 3312 960 3463">
     <span class='ocr_line' id='line_1_44' title="bbox 108 3312 960 3392; baseline 0.015 -28"><span class='ocrx_word' id='word_1_271' title='bbox 108 3312 162 3366; x_wconf 78' lang='grc'>730</span> <span class='ocrx_word' id='word_1_272' title='bbox 179 3316 263 3369; x_wconf 84' lang='lat' dir='ltr'>Obvia</span> <span class='ocrx_word' id='word_1_273' title='bbox 281 3320 362 3371; x_wconf 90' lang='lat' dir='ltr'>turba</span> <span class='ocrx_word' id='word_1_274' title='bbox 380 3319 445 3384; x_wconf 87' lang='lat' dir='ltr'>ruit,</span> <span class='ocrx_word' id='word_1_275' title='bbox 465 3336 592 3388; x_wconf 86' lang='lat' dir='ltr'>quaeque</span> <span class='ocrx_word' id='word_1_276' title='bbox 608 3321 695 3392; x_wconf 85' lang='lat' dir='ltr'>ignes,</span> <span class='ocrx_word' id='word_1_277' title='bbox 713 3323 823 3388; x_wconf 88' lang='lat' dir='ltr'>Troica,</span> <span class='ocrx_word' id='word_1_278' title='bbox 839 3331 960 3387; x_wconf 70' lang='lat' dir='ltr'>servant,</span> 
     </span>
     <span class='ocr_line' id='line_1_45' title="bbox 175 3386 911 3463; baseline 0.018 -28"><span class='ocrx_word' id='word_1_279' title='bbox 175 3386 266 3454; x_wconf 83' lang='lat' dir='ltr'>Vesta,</span> <span class='ocrx_word' id='word_1_280' title='bbox 283 3396 360 3450; x_wconf 80' lang='lat' dir='ltr'>tuoe:</span> <span class='ocrx_word' id='word_1_281' title='bbox 375 3387 520 3463; x_wconf 82' lang='lat' dir='ltr'>¹laetoque</span> <span class='ocrx_word' id='word_1_282' title='bbox 536 3389 622 3443; x_wconf 88' lang='lat' dir='ltr'>deum</span> <span class='ocrx_word' id='word_1_283' title='bbox 639 3390 763 3461; x_wconf 80' lang='lat' dir='ltr'>clamere</span> <span class='ocrx_word' id='word_1_284' title='bbox 780 3393 911 3461; x_wconf 79' lang='lat' dir='ltr'>salutant.</span> 
     </span>
    </p>
   </div>
   <div class='ocr_carea' id='block_1_5' title="bbox 0 0 1180 3834">
    <p class='ocr_par' dir='ltr' id='par_1_21' title="bbox 0 0 1180 3834">
     <span class='ocr_line' id='line_1_46' title="bbox 0 0 1180 3834; baseline 0 0"><span class='ocrx_word' id='word_1_285' title='bbox 0 0 1180 3834; x_wconf 95' lang='lat' dir='ltr'> </span> 
     </span>
    </p>
   </div>
  </div>
 </body>
</html>
