2350 3834
105 933 107 938 ,
269 852 311 918 P.
355 839 844 921 ovmnnnsonis
1011 895 1013 898 ·

87 987 1035 1126 METAMORPHOSEON

350 1177 504 1237 Lmen
533 1177 789 1240 susumus.
876 1240 884 1257 ,

81 1492 205 1593 Iamque
219 1521 328 1578 fretum
339 1524 448 1595 Minyae
463 1526 603 1597 Pagasaea
615 1542 709 1598 puppe
719 1529 864 1597 recubent,

82 1594 274 1664 Perpetuuque
290 1594 404 1648 trahens
419 1594 534 1664 inopem
546 1597 597 1650 suh
611 1605 695 1649 nocte
712 1607 855 1651 senectam

81 1661 200 1714 Phineus
213 1663 287 1716 visus
303 1671 381 1729 erat;
397 1663 565 1735 iuvenesque
579 1665 717 1735 Aquilone
732 1667 823 1722 creati
926 1731 929 1736 Ι

81 1730 225 1853 Vi'pfineae
238 1731 367 1786 volucres
380 1732 476 1785 miseri
491 1733 562 1785 senis
576 1751 625 1787 ore
637 1734 783 1805 fugarent3

170 1818 224 1870 que
237 1801 363 1872 perpessi
375 1802 452 1854 clero
464 1802 514 1855 sub
526 1805 633 1869 Idsone,
650 1802 766 1857 tandem

82 1869 262 1940 Contigerant
272 1869 383 1940 rapidas
395 1867 489 1923 limosi
497 1870 628 1924 Phasidos
641 1871 738 1928 undas.

84 1937 214 2009 Dumque
226 1939 331 1992 adeunt
342 1956 449 2010 regem,
466 1940 645 2009 Phryxeaque
659 1940 765 1993 vellera
796 1947 904 2006 escunt,

82 2007 192 2077 lexque
207 2009 290 2061 datur
303 2008 429 2061 numeris
445 2025 615 2079 magnorum
626 2008 768 2063 horrende
833 2023 933 2074 orum3

83 2076 209 2146 Concipit
219 2078 329 2130 interea
340 2076 445 2130 validos
457 2078 564 2130 Aeetias
574 2079 652 2149 ignes
662 2093 669 2129 ε

82 2144 116 2195 Et
128 2144 234 2199 luctatu
248 2144 305 2213 diu,
322 2154 471 2216 postquem
487 2149 597 2199 ratione
611 2147 739 2201 furorem
1005 2147 1039 2200 10

83 2213 200 2267 Vincere
214 2233 272 2268 non
287 2224 413 2284 poterat3
431 2218 552 2282 Frustra,
568 2216 676 2283 Medea,
692 2233 848 2289 repugnem

83 2282 181 2337 Nescio
195 2284 256 2354 quis
270 2282 336 2336 deus
359 2283 460 2351 obstat,
478 2284 533 2337 eit:
546 2285 715 2356 mirumque,
733 2286 786 2339 nisi
795 2287 850 2339 hoc
864 2295 916 2354 eet,

83 2353 137 2402 Aut
148 2352 253 2423 aliquid
266 2361 342 2412 certe
356 2352 445 2405 simile
458 2352 534 2419 huic,
552 2356 628 2425 quod
645 2372 740 2408 umere
755 2361 879 2409 vocatur:

84 2420 154 2473 Nam
171 2440 221 2475 cur
232 2423 307 2474 iussn
320 2422 406 2491 patris
420 2422 540 2475 nimium
556 2424 627 2476 mihi
640 2423 710 2477 dure
722 2424 875 2478 videntur?

85 2491 152 2548 Sunt
164 2508 274 2561 quoque
288 2491 359 2543 duro
372 2491 463 2544 nimis.
482 2493 649 2562 Cumquem·
663 2493 747 2545 modo
763 2493 884 2564 denique
895 2489 961 2552 vidi,
1003 2494 1035 2548 15

87 2557 127 2609 Ne
138 2569 241 2627 pereat,
259 2558 367 2613 timeo?
385 2577 456 2630 quae
466 2560 536 2612 tenti
550 2579 634 2613 eausa
645 2561 776 2614 timoris?
868 2583 871 2592 ¹

85 2626 185 2681 Excute
198 2628 323 2701 virgineo
342 2638 491 2698 conceptus
503 2638 618 2698 pectore
630 2630 770 2697 flammas,

87 2692 115 2743 Si
160 2705 210 2763 tes,
227 2697 334 2753 infelix.
358 2698 385 2749 si
399 2715 518 2767 possem,
536 2699 630 2751 sanior
642 2716 738 2752 essem.

88 2764 120 2813 Se
148 2766 233 2819 trahit
246 2765 363 2819 invitam
377 2784 450 2819 nova
465 2767 522 2829 vis3
541 2767 672 2839 aliudque
687 2766 805 2838 Cupido,

87 2831 164 2885 Mens
175 2834 251 2889 eliud
267 2834 374 2889 suadet.
392 2835 481 2890 Video
492 2836 619 2902 meliore,
637 2838 798 2918 proboquep
918 2883 921 2892 ,
998 2842 1035 2895 20

87 2898 226 2958 Deteriora
238 2920 348 2975 sequor.
372 2904 444 2969 Quid
453 2905 481 2955 in
489 2905 612 2975 hospite,
625 2906 702 2978 regia
715 2924 804 2980 virgo,

87 2969 195 3025 Vneris?
213 2984 241 3027 et
255 2973 392 3027 thalamos
405 2974 489 3025 alieni
505 2974 628 3047 concipis
641 2975 735 3029 orbis?

87 3037 159 3092 Haec
171 3059 281 3113 quoque
295 3053 373 3096 terre
385 3052 486 3113 potest,
503 3044 578 3114 quod
593 3062 677 3113 umes,
694 3044 769 3099 dare.
787 3046 875 3118 Vivet,
892 3064 927 3102 sn
940 3046 989 3100 ille

89 3107 205 3177 Occidet,
222 3112 251 3164 in
264 3112 306 3165 dis
319 3121 367 3166 est.
398 3112 477 3168 Vivat
487 3122 598 3178 temen3
615 3114 699 3185 idque
713 3117 823 3184 precari

88 3175 139 3227 Vel
154 3180 319 3236 sineemore
333 3181 408 3234 lieet.
435 3181 509 3245 Quid
521 3184 597 3237 enim
610 3185 751 3237 commisit
763 3186 865 3238 licon?
997 3181 1033 3234 25

91 3245 188 3315 Quam,
205 3250 260 3302 nisi
277 3250 430 3318 crudelem,
447 3265 504 3303 non
514 3262 611 3324 tangat
622 3254 724 3322 liisonis
741 3262 826 3316 setas,

88 3311 123 3363 Et
137 3330 228 3388 genus,
246 3327 274 3373 et
290 3318 398 3374 virtus?
415 3336 501 3392 quum
512 3339 583 3392 non,
598 3330 630 3378 ut
643 3332 754 3379 caetere
768 3322 868 3390 desint,
