<?xml version="1.0" encoding="UTF-8"?>
<!DOCTYPE html PUBLIC "-//W3C//DTD XHTML 1.0 Transitional//EN"
    "http://www.w3.org/TR/xhtml1/DTD/xhtml1-transitional.dtd">
<html xmlns="http://www.w3.org/1999/xhtml" xml:lang="en" lang="en">
 <head>
  <title>
</title>
<meta http-equiv="Content-Type" content="text/html;charset=utf-8" />
  <meta name='ocr-system' content='tesseract 3.04.00' />
  <meta name='ocr-capabilities' content='ocr_page ocr_carea ocr_par ocr_line ocrx_word'/>
</head>
<body>
  <div class='ocr_page' id='page_1' title='image "./operaomnia03ovidgoog/operaomnia03ovidgoog_0177.png"; bbox 0 0 2350 3834; ppageno 0'>
   <div class='ocr_carea' id='block_1_1' title="bbox 247 183 1039 289">
    <p class='ocr_par' dir='ltr' id='par_1_1' title="bbox 247 183 1039 289">
     <span class='ocr_line' id='line_1_1' title="bbox 247 183 1039 289; baseline 0.04 -32"><span class='ocrx_word' id='word_1_1' title='bbox 247 204 872 286; x_wconf 57' lang='lat' dir='ltr'>nausiaoaeaosawme</span> <span class='ocrx_word' id='word_1_2' title='bbox 963 183 1039 289; x_wconf 69' lang='lat' dir='ltr'>aas</span> 
     </span>
    </p>
   </div>
   <div class='ocr_carea' id='block_1_2' title="bbox 75 349 1036 3397">
    <p class='ocr_par' dir='ltr' id='par_1_2' title="bbox 80 349 842 423">
     <span class='ocr_line' id='line_1_2' title="bbox 80 349 842 423; baseline 0.014 -24"><span class='ocrx_word' id='word_1_3' title='bbox 80 351 144 402; x_wconf 79' lang='lat' dir='ltr'>Vrit</span> <span class='ocrx_word' id='word_1_4' title='bbox 159 366 224 406; x_wconf 81' lang='lat' dir='ltr'>oves</span> <span class='ocrx_word' id='word_1_5' title='bbox 243 349 332 412; x_wconf 69' lang='lat' dir='ltr'>ariea:</span> <span class='ocrx_word' id='word_1_6' title='bbox 366 350 689 423; x_wconf 58' lang='lat' dir='ltr'>sequitursusiemina</span> <span class='ocrx_word' id='word_1_7' title='bbox 703 368 842 418; x_wconf 78' lang='lat' dir='ltr'>cervum„</span> 
     </span>
    </p>

    <p class='ocr_par' dir='ltr' id='par_1_3' title="bbox 79 421 811 490">
     <span class='ocr_line' id='line_1_3' title="bbox 79 421 811 490; baseline 0.007 -18"><span class='ocrx_word' id='word_1_8' title='bbox 79 421 127 472; x_wconf 83' lang='lat' dir='ltr'>Sic</span> <span class='ocrx_word' id='word_1_9' title='bbox 142 429 171 473; x_wconf 90' lang='lat' dir='ltr'>et</span> <span class='ocrx_word' id='word_1_10' title='bbox 184 437 247 472; x_wconf 87' lang='lat' dir='ltr'>aves</span> <span class='ocrx_word' id='word_1_11' title='bbox 263 424 382 474; x_wconf 72' lang='lat' dir='ltr'>coeunt:</span> <span class='ocrx_word' id='word_1_12' title='bbox 416 421 547 490; x_wconf 84' lang='lat' dir='ltr'>interque</span> <span class='ocrx_word' id='word_1_13' title='bbox 559 421 691 476; x_wconf 87' lang='lat' dir='ltr'>animalia</span> <span class='ocrx_word' id='word_1_14' title='bbox 706 433 811 477; x_wconf 88' lang='lat' dir='ltr'>cuncta</span> 
     </span>
    </p>

    <p class='ocr_par' dir='ltr' id='par_1_4' title="bbox 79 488 814 560">
     <span class='ocr_line' id='line_1_4' title="bbox 79 488 814 560; baseline 0.008 -20"><span class='ocrx_word' id='word_1_15' title='bbox 79 489 196 544; x_wconf 85' lang='lat' dir='ltr'>Femina</span> <span class='ocrx_word' id='word_1_16' title='bbox 213 488 338 550; x_wconf 84' lang='lat' dir='ltr'>femineo</span> <span class='ocrx_word' id='word_1_17' title='bbox 358 508 438 550; x_wconf 77' lang='lat' dir='ltr'>corre</span> <span class='ocrx_word' id='word_1_18' title='bbox 459 499 488 554; x_wconf 76' lang='lat' dir='ltr'>ta</span> <span class='ocrx_word' id='word_1_19' title='bbox 509 491 640 560; x_wconf 88' lang='lat' dir='ltr'>cupidine</span> <span class='ocrx_word' id='word_1_20' title='bbox 656 490 734 544; x_wconf 88' lang='lat' dir='ltr'>nulla</span> <span class='ocrx_word' id='word_1_21' title='bbox 757 502 814 554; x_wconf 83' lang='lat' dir='ltr'>est.¹</span> 
     </span>
    </p>

    <p class='ocr_par' dir='ltr' id='par_1_5' title="bbox 79 509 1036 768">
     <span class='ocr_line' id='line_1_5' title="bbox 79 509 1036 634; baseline 0.011 -23"><span class='ocrx_word' id='word_1_22' title='bbox 79 559 192 612; x_wconf 82' lang='lat' dir='ltr'>Vellem</span> <span class='ocrx_word' id='word_1_23' title='bbox 203 553 282 610; x_wconf 79' lang='lat' dir='ltr'>nulla</span> <span class='ocrx_word' id='word_1_24' title='bbox 296 553 403 618; x_wconf 52' lang='lat' dir='ltr'>lurein(</span> <span class='ocrx_word' id='word_1_25' title='bbox 431 509 473 614; x_wconf 67' lang='lat' dir='ltr'>tle</span> <span class='ocrx_word' id='word_1_26' title='bbox 486 577 544 612; x_wconf 90' lang='lat' dir='ltr'>non</span> <span class='ocrx_word' id='word_1_27' title='bbox 557 555 653 616; x_wconf 73' lang='lat' dir='ltr'>tame&#39;u</span> <span class='ocrx_word' id='word_1_28' title='bbox 665 562 759 614; x_wconf 82' lang='lat' dir='ltr'>onmia</span> <span class='ocrx_word' id='word_1_29' title='bbox 770 565 850 620; x_wconf 83' lang='lat' dir='ltr'>crete</span> <span class='ocrx_word' id='word_1_30' title='bbox 984 572 1036 634; x_wconf 73' lang='grc'>735</span> 
     </span>
     <span class='ocr_line' id='line_1_6' title="bbox 80 628 989 698; baseline 0.003 -19"><span class='ocrx_word' id='word_1_31' title='bbox 80 630 206 698; x_wconf 70' lang='lat' dir='ltr'>Monstra</span> <span class='ocrx_word' id='word_1_32' title='bbox 218 628 307 694; x_wconf 87' lang='lat' dir='ltr'>ferat;</span> <span class='ocrx_word' id='word_1_33' title='bbox 323 638 438 681; x_wconf 86' lang='lat' dir='ltr'>taurum</span> <span class='ocrx_word' id='word_1_34' title='bbox 452 628 546 688; x_wconf 82' lang='lat' dir='ltr'>dilexit</span> <span class='ocrx_word' id='word_1_35' title='bbox 561 628 620 682; x_wconf 85' lang='lat' dir='ltr'>filia</span> <span class='ocrx_word' id='word_1_36' title='bbox 633 628 713 696; x_wconf 84' lang='lat' dir='ltr'>Solis,</span> <span class='ocrx_word' id='word_1_37' title='bbox 986 631 989 636; x_wconf 74' lang='grc'><em>’</em></span> 
     </span>
     <span class='ocr_line' id='line_1_7' title="bbox 79 697 829 768; baseline 0.003 -18"><span class='ocrx_word' id='word_1_38' title='bbox 79 698 196 750; x_wconf 78' lang='lat' dir='ltr'>Femina</span> <span class='ocrx_word' id='word_1_39' title='bbox 207 715 439 766; x_wconf 84' lang='lat' dir='ltr'>uempemarem.</span> <span class='ocrx_word' id='word_1_40' title='bbox 472 699 551 750; x_wconf 85' lang='lat' dir='ltr'>Meus</span> <span class='ocrx_word' id='word_1_41' title='bbox 567 707 609 754; x_wconf 81' lang='lat' dir='ltr'>est</span> <span class='ocrx_word' id='word_1_42' title='bbox 625 697 758 750; x_wconf 86' lang='lat' dir='ltr'><strong>furiosior</strong></span> <span class='ocrx_word' id='word_1_43' title='bbox 769 697 829 768; x_wconf 90' lang='lat' dir='ltr'>illo,</span> 
     </span>
    </p>

    <p class='ocr_par' dir='ltr' id='par_1_6' title="bbox 81 766 898 836">
     <span class='ocr_line' id='line_1_8' title="bbox 81 766 898 836; baseline 0.009 -19"><span class='ocrx_word' id='word_1_44' title='bbox 81 766 108 817; x_wconf 88' lang='lat' dir='ltr'>si</span> <span class='ocrx_word' id='word_1_45' title='bbox 121 784 220 818; x_wconf 83' lang='lat' dir='ltr'>verum</span> <span class='ocrx_word' id='word_1_46' title='bbox 232 767 409 835; x_wconf 78' lang='lat' dir='ltr'>profitemur,</span> <span class='ocrx_word' id='word_1_47' title='bbox 436 785 525 819; x_wconf 87' lang='lat' dir='ltr'>amor.</span> <span class='ocrx_word' id='word_1_48' title='bbox 554 769 661 820; x_wconf 87' lang='lat' dir='ltr'>Tamen</span> <span class='ocrx_word' id='word_1_49' title='bbox 673 767 721 818; x_wconf 90' lang='lat' dir='ltr'>illa</span> <span class='ocrx_word' id='word_1_50' title='bbox 732 779 828 821; x_wconf 87' lang='lat' dir='ltr'>secuta</span> <span class='ocrx_word' id='word_1_51' title='bbox 839 780 898 836; x_wconf 76' lang='lat' dir='ltr'>est¹</span> 
     </span>
    </p>

    <p class='ocr_par' dir='ltr' id='par_1_7' title="bbox 80 833 870 907">
     <span class='ocr_line' id='line_1_9' title="bbox 80 833 870 907; baseline 0.008 -21"><span class='ocrx_word' id='word_1_52' title='bbox 80 840 165 903; x_wconf 79' lang='lat' dir='ltr'>Spem</span> <span class='ocrx_word' id='word_1_53' title='bbox 177 833 291 898; x_wconf 76' lang='lat' dir='ltr'>Veneris</span> <span class='ocrx_word' id='word_1_54' title='bbox 300 858 315 890; x_wconf 74' lang='grc' dir='ltr'>ε,</span> <span class='ocrx_word' id='word_1_55' title='bbox 325 845 420 889; x_wconf 88' lang='lat' dir='ltr'>tamen</span> <span class='ocrx_word' id='word_1_56' title='bbox 434 836 483 888; x_wconf 82' lang='lat' dir='ltr'>illa</span> <span class='ocrx_word' id='word_1_57' title='bbox 500 834 571 887; x_wconf 91' lang='lat' dir='ltr'>dolis</span> <span class='ocrx_word' id='word_1_58' title='bbox 583 844 611 888; x_wconf 91' lang='lat' dir='ltr'>et</span> <span class='ocrx_word' id='word_1_59' title='bbox 622 836 744 907; x_wconf 79' lang='lat' dir='ltr'>imagine</span> <span class='ocrx_word' id='word_1_60' title='bbox 754 839 870 892; x_wconf 84' lang='lat' dir='ltr'>vaccaa&#39;</span> 
     </span>
    </p>

    <p class='ocr_par' dir='ltr' id='par_1_8' title="bbox 80 904 1035 1042">
     <span class='ocr_line' id='line_1_10' title="bbox 80 904 1035 979; baseline 0.006 -23"><span class='ocrx_word' id='word_1_61' title='bbox 80 907 163 956; x_wconf 83' lang='lat' dir='ltr'>Passa</span> <span class='ocrx_word' id='word_1_62' title='bbox 177 905 278 976; x_wconf 75' lang='lat' dir='ltr'>bovem</span> <span class='ocrx_word' id='word_1_63' title='bbox 294 914 351 959; x_wconf 87' lang='lat' dir='ltr'>est:</span> <span class='ocrx_word' id='word_1_64' title='bbox 377 913 404 957; x_wconf 91' lang='lat' dir='ltr'>et</span> <span class='ocrx_word' id='word_1_65' title='bbox 419 914 487 972; x_wconf 88' lang='lat' dir='ltr'>erat,</span> <span class='ocrx_word' id='word_1_66' title='bbox 507 905 555 975; x_wconf 89' lang='lat' dir='ltr'>qui</span> <span class='ocrx_word' id='word_1_67' title='bbox 567 904 760 974; x_wconf 79' lang='lat' dir='ltr'>deciperetur,</span> <span class='ocrx_word' id='word_1_68' title='bbox 779 907 897 969; x_wconf 83' lang='lat' dir='ltr'>adulter.</span> <span class='ocrx_word' id='word_1_69' title='bbox 978 920 1035 979; x_wconf 68' lang='grc' dir='ltr'>Ι740</span> 
     </span>
     <span class='ocr_line' id='line_1_11' title="bbox 80 973 703 1042; baseline 0.002 -16"><span class='ocrx_word' id='word_1_70' title='bbox 80 976 143 1026; x_wconf 87' lang='lat' dir='ltr'>Huc</span> <span class='ocrx_word' id='word_1_71' title='bbox 155 973 222 1025; x_wconf 88' lang='lat' dir='ltr'>licet</span> <span class='ocrx_word' id='word_1_72' title='bbox 236 981 324 1027; x_wconf 88' lang='lat' dir='ltr'>e&#39;toto</span> <span class='ocrx_word' id='word_1_73' title='bbox 347 974 473 1027; x_wconf 85' lang='lat' dir='ltr'>sollertia</span> <span class='ocrx_word' id='word_1_74' title='bbox 486 974 613 1027; x_wconf 87' lang='lat' dir='ltr'>confluat</span> <span class='ocrx_word' id='word_1_75' title='bbox 626 974 703 1042; x_wconf 87' lang='lat' dir='ltr'>orhe,</span> 
     </span>
    </p>

    <p class='ocr_par' dir='ltr' id='par_1_9' title="bbox 80 1041 839 1114">
     <span class='ocr_line' id='line_1_12' title="bbox 80 1041 839 1114; baseline -0.001 -19"><span class='ocrx_word' id='word_1_76' title='bbox 80 1046 141 1111; x_wconf 82' lang='lat' dir='ltr'>lpse</span> <span class='ocrx_word' id='word_1_77' title='bbox 154 1041 223 1114; x_wconf 81' lang='lat' dir='ltr'>licet</span> <span class='ocrx_word' id='word_1_78' title='bbox 236 1043 344 1096; x_wconf 82' lang='lat' dir='ltr'>revolet</span> <span class='ocrx_word' id='word_1_79' title='bbox 364 1043 465 1098; x_wconf 86' lang='lat' dir='ltr'>ceratis</span> <span class='ocrx_word' id='word_1_80' title='bbox 482 1043 620 1096; x_wconf 73' lang='lat' dir='ltr'>Daedalus</span> <span class='ocrx_word' id='word_1_81' title='bbox 633 1043 698 1108; x_wconf 87' lang='lat' dir='ltr'>alis;</span> <span class='ocrx_word' id='word_1_82' title='bbox 836 1099 839 1110; x_wconf 56' lang='lat'>,</span> 
     </span>
    </p>

    <p class='ocr_par' dir='ltr' id='par_1_10' title="bbox 81 1111 833 1183">
     <span class='ocr_line' id='line_1_13' title="bbox 81 1111 833 1183; baseline 0.011 -21"><span class='ocrx_word' id='word_1_83' title='bbox 81 1112 150 1177; x_wconf 89' lang='lat' dir='ltr'>Quit</span> <span class='ocrx_word' id='word_1_84' title='bbox 161 1111 267 1178; x_wconf 79' lang='lat' dir='ltr'>¹faciet?</span> <span class='ocrx_word' id='word_1_85' title='bbox 290 1129 361 1166; x_wconf 84' lang='lat' dir='ltr'>nuru</span> <span class='ocrx_word' id='word_1_86' title='bbox 371 1130 417 1166; x_wconf 90' lang='lat' dir='ltr'>me</span> <span class='ocrx_word' id='word_1_87' title='bbox 429 1130 547 1183; x_wconf 88' lang='lat' dir='ltr'>puerum</span> <span class='ocrx_word' id='word_1_88' title='bbox 561 1112 596 1164; x_wconf 89' lang='lat' dir='ltr'>de</span> <span class='ocrx_word' id='word_1_89' title='bbox 613 1111 720 1183; x_wconf 76' lang='lat' dir='ltr'>virgine</span> <span class='ocrx_word' id='word_1_90' title='bbox 741 1111 833 1170; x_wconf 74' lang='lat' dir='ltr'>doctis</span> 
     </span>
    </p>

    <p class='ocr_par' dir='ltr' id='par_1_11' title="bbox 80 1179 760 1248">
     <span class='ocr_line' id='line_1_14' title="bbox 80 1179 760 1248; baseline 0.003 -16"><span class='ocrx_word' id='word_1_91' title='bbox 80 1182 193 1233; x_wconf 78' lang='lat' dir='ltr'><strong>Artibus</strong></span> <span class='ocrx_word' id='word_1_92' title='bbox 214 1179 336 1234; x_wconf 80' lang='lat' dir='ltr'>efficiet?</span> <span class='ocrx_word' id='word_1_93' title='bbox 370 1200 439 1234; x_wconf 89' lang='lat' dir='ltr'>num</span> <span class='ocrx_word' id='word_1_94' title='bbox 450 1191 479 1235; x_wconf 93' lang='lat' dir='ltr'>te</span> <span class='ocrx_word' id='word_1_95' title='bbox 493 1181 624 1248; x_wconf 81' lang='lat' dir='ltr'><strong>mutabit,</strong></span> <span class='ocrx_word' id='word_1_96' title='bbox 644 1181 760 1234; x_wconf 69' lang='lat' dir='ltr'>linthe‘?</span> 
     </span>
    </p>

    <p class='ocr_par' dir='ltr' id='par_1_12' title="bbox 81 1245 1035 1392">
     <span class='ocr_line' id='line_1_15' title="bbox 81 1245 1035 1323; baseline 0.008 -22"><span class='ocrx_word' id='word_1_97' title='bbox 81 1251 156 1313; x_wconf 88' lang='lat' dir='ltr'>Quin</span> <span class='ocrx_word' id='word_1_98' title='bbox 175 1245 301 1304; x_wconf 86' lang='lat' dir='ltr'>animum</span> <span class='ocrx_word' id='word_1_99' title='bbox 313 1251 418 1319; x_wconf 82' lang='lat' dir='ltr'>finnas,</span> <span class='ocrx_word' id='word_1_100' title='bbox 436 1260 520 1322; x_wconf 87' lang='lat' dir='ltr'>teque</span> <span class='ocrx_word' id='word_1_101' title='bbox 531 1252 591 1320; x_wconf 88' lang='lat' dir='ltr'>ipsa</span> <span class='ocrx_word' id='word_1_102' title='bbox 604 1251 753 1322; x_wconf 78' lang='lat' dir='ltr'>recolligis,</span> <span class='ocrx_word' id='word_1_103' title='bbox 769 1252 845 1323; x_wconf 84' lang='lat' dir='ltr'>Iphi:</span> <span class='ocrx_word' id='word_1_104' title='bbox 981 1262 1035 1322; x_wconf 77' lang='lat'>745</span> 
     </span>
     <span class='ocr_line' id='line_1_16' title="bbox 81 1317 740 1392; baseline 0.005 -23"><span class='ocrx_word' id='word_1_105' title='bbox 81 1319 250 1389; x_wconf 64' lang='lat' dir='ltr'>Consiliique</span> <span class='ocrx_word' id='word_1_106' title='bbox 264 1317 359 1389; x_wconf 83' lang='lat' dir='ltr'>inopes</span> <span class='ocrx_word' id='word_1_107' title='bbox 375 1330 402 1372; x_wconf 88' lang='lat' dir='ltr'>et</span> <span class='ocrx_word' id='word_1_108' title='bbox 418 1320 516 1376; x_wconf 89' lang='lat' dir='ltr'>stultos</span> <span class='ocrx_word' id='word_1_109' title='bbox 528 1320 631 1374; x_wconf 83' lang='lat' dir='ltr'>excutis</span> <span class='ocrx_word' id='word_1_110' title='bbox 643 1320 740 1392; x_wconf 81' lang='lat' dir='ltr'>ignes?</span> 
     </span>
    </p>

    <p class='ocr_par' dir='ltr' id='par_1_13' title="bbox 82 1385 916 1460">
     <span class='ocr_line' id='line_1_17' title="bbox 82 1385 916 1460; baseline 0.006 -21"><span class='ocrx_word' id='word_1_111' title='bbox 82 1385 149 1451; x_wconf 87' lang='lat' dir='ltr'>Quit</span> <span class='ocrx_word' id='word_1_112' title='bbox 159 1389 195 1440; x_wconf 91' lang='lat' dir='ltr'>sis</span> <span class='ocrx_word' id='word_1_113' title='bbox 206 1397 272 1442; x_wconf 89' lang='lat' dir='ltr'>nata</span> <span class='ocrx_word' id='word_1_114' title='bbox 287 1390 365 1446; x_wconf 76' lang='lat' dir='ltr'>vide:</span> <span class='ocrx_word' id='word_1_115' title='bbox 383 1390 478 1444; x_wconf 87' lang='lat' dir='ltr'>uisite</span> <span class='ocrx_word' id='word_1_116' title='bbox 493 1407 604 1460; x_wconf 87' lang='lat' dir='ltr'>quoque</span> <span class='ocrx_word' id='word_1_117' title='bbox 618 1390 722 1459; x_wconf 82' lang='lat' dir='ltr'>decipis</span> <span class='ocrx_word' id='word_1_118' title='bbox 734 1388 839 1460; x_wconf 73' lang='lat' dir='ltr'>ipsam3</span> <span class='ocrx_word' id='word_1_119' title='bbox 914 1447 916 1451; x_wconf 65' lang='grc'>,</span> 
     </span>
    </p>

    <p class='ocr_par' dir='ltr' id='par_1_14' title="bbox 80 1457 860 1528">
     <span class='ocr_line' id='line_1_18' title="bbox 80 1457 860 1528; baseline 0.01 -20"><span class='ocrx_word' id='word_1_120' title='bbox 80 1461 114 1509; x_wconf 89' lang='lat' dir='ltr'>Et</span> <span class='ocrx_word' id='word_1_121' title='bbox 128 1467 194 1526; x_wconf 87' lang='lat' dir='ltr'>pete</span> <span class='ocrx_word' id='word_1_122' title='bbox 210 1457 287 1528; x_wconf 89' lang='lat' dir='ltr'>quod</span> <span class='ocrx_word' id='word_1_123' title='bbox 298 1458 340 1511; x_wconf 84' lang='lat' dir='ltr'>fas</span> <span class='ocrx_word' id='word_1_124' title='bbox 353 1468 408 1513; x_wconf 88' lang='lat' dir='ltr'>est:</span> <span class='ocrx_word' id='word_1_125' title='bbox 434 1469 462 1511; x_wconf 88' lang='lat' dir='ltr'>et</span> <span class='ocrx_word' id='word_1_126' title='bbox 472 1457 637 1528; x_wconf 84' lang='lat' dir='ltr'>ama,&#39;quod</span> <span class='ocrx_word' id='word_1_127' title='bbox 650 1458 755 1512; x_wconf 85' lang='lat' dir='ltr'>femina</span> <span class='ocrx_word' id='word_1_128' title='bbox 768 1460 860 1517; x_wconf 84' lang='lat' dir='ltr'>debes.</span> 
     </span>
    </p>

    <p class='ocr_par' dir='ltr' id='par_1_15' title="bbox 80 1528 912 1598">
     <span class='ocr_line' id='line_1_19' title="bbox 80 1528 912 1598; baseline 0.01 -20"><span class='ocrx_word' id='word_1_129' title='bbox 80 1531 149 1596; x_wconf 82' lang='lat' dir='ltr'>spes</span> <span class='ocrx_word' id='word_1_130' title='bbox 162 1536 211 1598; x_wconf 76' lang='lat' dir='ltr'>est,</span> <span class='ocrx_word' id='word_1_131' title='bbox 230 1544 300 1597; x_wconf 83' lang='lat' dir='ltr'>quae</span> <span class='ocrx_word' id='word_1_132' title='bbox 314 1528 419 1597; x_wconf 85' lang='lat' dir='ltr'>capiat:</span> <span class='ocrx_word' id='word_1_133' title='bbox 437 1545 498 1598; x_wconf 88' lang='lat' dir='ltr'>spes</span> <span class='ocrx_word' id='word_1_134' title='bbox 513 1536 564 1593; x_wconf 88' lang='lat' dir='ltr'>est,</span> <span class='ocrx_word' id='word_1_135' title='bbox 581 1545 654 1597; x_wconf 85' lang='lat' dir='ltr'>quae</span> <span class='ocrx_word' id='word_1_136' title='bbox 666 1537 764 1597; x_wconf 79' lang='lat' dir='ltr'>pascat</span> <span class='ocrx_word' id='word_1_137' title='bbox 777 1547 912 1593; x_wconf 88' lang='lat' dir='ltr'>amorem.</span> 
     </span>
    </p>

    <p class='ocr_par' dir='ltr' id='par_1_16' title="bbox 79 1595 1035 1736">
     <span class='ocr_line' id='line_1_20' title="bbox 79 1595 1035 1672; baseline 0.006 -26"><span class='ocrx_word' id='word_1_138' title='bbox 79 1599 160 1648; x_wconf 87' lang='lat' dir='ltr'>Hanc</span> <span class='ocrx_word' id='word_1_139' title='bbox 171 1595 223 1649; x_wconf 90' lang='lat' dir='ltr'>tihi</span> <span class='ocrx_word' id='word_1_140' title='bbox 236 1614 280 1666; x_wconf 78' lang='lat' dir='ltr'>res</span> <span class='ocrx_word' id='word_1_141' title='bbox 294 1595 403 1652; x_wconf 83' lang='lat' dir='ltr'><strong>adimit:</strong></span> <span class='ocrx_word' id='word_1_142' title='bbox 419 1615 478 1650; x_wconf 89' lang='lat' dir='ltr'>non</span> <span class='ocrx_word' id='word_1_143' title='bbox 488 1606 516 1649; x_wconf 91' lang='lat' dir='ltr'>te</span> <span class='ocrx_word' id='word_1_144' title='bbox 530 1597 657 1665; x_wconf 83' lang='lat' dir='ltr'>custqdia</span> <span class='ocrx_word' id='word_1_145' title='bbox 669 1613 737 1650; x_wconf 86' lang='lat' dir='ltr'>caro</span> <span class='ocrx_word' id='word_1_146' title='bbox 981 1610 1035 1672; x_wconf 58' lang='grc' dir='ltr'><em>η</em></span> 
     </span>
     <span class='ocr_line' id='line_1_21' title="bbox 80 1665 728 1736; baseline 0.003 -19"><span class='ocrx_word' id='word_1_147' title='bbox 80 1671 167 1717; x_wconf 82' lang='lat' dir='ltr'>Arcet</span> <span class='ocrx_word' id='word_1_148' title='bbox 178 1665 214 1717; x_wconf 87' lang='lat' dir='ltr'>ah</span> <span class='ocrx_word' id='word_1_149' title='bbox 224 1665 366 1736; x_wconf 82' lang='lat' dir='ltr'>amplexu,</span> <span class='ocrx_word' id='word_1_150' title='bbox 380 1684 434 1728; x_wconf 78' lang='lat' dir='ltr'>pec</span> <span class='ocrx_word' id='word_1_151' title='bbox 447 1666 523 1720; x_wconf 84' lang='lat' dir='ltr'>cauti</span> <span class='ocrx_word' id='word_1_152' title='bbox 538 1683 606 1718; x_wconf 88' lang='lat' dir='ltr'>cura</span> <span class='ocrx_word' id='word_1_153' title='bbox 619 1666 728 1719; x_wconf 80' lang='lat' dir='ltr'>mariti:</span> 
     </span>
    </p>

    <p class='ocr_par' dir='ltr' id='par_1_17' title="bbox 80 1735 869 1808">
     <span class='ocr_line' id='line_1_22' title="bbox 80 1735 869 1808; baseline 0.004 -21"><span class='ocrx_word' id='word_1_154' title='bbox 80 1735 241 1808; x_wconf 63' lang='lat' dir='ltr'>Noupatpis</span> <span class='ocrx_word' id='word_1_155' title='bbox 254 1735 395 1804; x_wconf 83' lang='lat' dir='ltr'>asperitas,</span> <span class='ocrx_word' id='word_1_156' title='bbox 412 1753 471 1787; x_wconf 88' lang='lat' dir='ltr'>uon</span> <span class='ocrx_word' id='word_1_157' title='bbox 485 1752 513 1787; x_wconf 90' lang='lat' dir='ltr'>se</span> <span class='ocrx_word' id='word_1_158' title='bbox 528 1744 612 1804; x_wconf 78' lang='lat' dir='ltr'>negat</span> <span class='ocrx_word' id='word_1_159' title='bbox 627 1735 687 1805; x_wconf 87' lang='lat' dir='ltr'>ipsa</span> <span class='ocrx_word' id='word_1_160' title='bbox 701 1736 821 1807; x_wconf 76' lang='lat' dir='ltr'>roganti.</span> <span class='ocrx_word' id='word_1_161' title='bbox 862 1773 869 1790; x_wconf 88' lang='lat'><strong>.</strong></span> 
     </span>
    </p>

    <p class='ocr_par' dir='ltr' id='par_1_18' title="bbox 78 1803 954 1943">
     <span class='ocr_line' id='line_1_23' title="bbox 79 1803 954 1880; baseline 0.006 -23"><span class='ocrx_word' id='word_1_162' title='bbox 79 1806 140 1857; x_wconf 85' lang='lat' dir='ltr'>Nec</span> <span class='ocrx_word' id='word_1_163' title='bbox 152 1812 248 1874; x_wconf 83' lang='lat' dir='ltr'>tamen</span> <span class='ocrx_word' id='word_1_164' title='bbox 261 1813 304 1856; x_wconf 85' lang='lat' dir='ltr'>est</span> <span class='ocrx_word' id='word_1_165' title='bbox 315 1803 452 1874; x_wconf 82' lang='lat' dir='ltr'>potiunda</span> <span class='ocrx_word' id='word_1_166' title='bbox 462 1803 528 1870; x_wconf 81' lang='lat' dir='ltr'>tihi:</span> <span class='ocrx_word' id='word_1_167' title='bbox 549 1821 613 1868; x_wconf 88' lang='lat' dir='ltr'>nec,</span> <span class='ocrx_word' id='word_1_168' title='bbox 630 1813 663 1857; x_wconf 92' lang='lat' dir='ltr'>ut</span> <span class='ocrx_word' id='word_1_169' title='bbox 682 1805 778 1858; x_wconf 89' lang='lat' dir='ltr'>omnia&#39;</span> <span class='ocrx_word' id='word_1_170' title='bbox 790 1807 868 1880; x_wconf 81' lang='lat' dir='ltr'>fiant,</span> <span class='ocrx_word' id='word_1_171' title='bbox 951 1864 954 1872; x_wconf 74' lang='grc'><strong><em>,</em></strong></span> 
     </span>
     <span class='ocr_line' id='line_1_24' title="bbox 78 1872 835 1943; baseline 0.005 -18"><span class='ocrx_word' id='word_1_172' title='bbox 78 1873 144 1925; x_wconf 82' lang='lat' dir='ltr'>Esse</span> <span class='ocrx_word' id='word_1_173' title='bbox 159 1882 238 1941; x_wconf 88' lang='lat' dir='ltr'>potes</span> <span class='ocrx_word' id='word_1_174' title='bbox 255 1872 339 1939; x_wconf 61' lang='lat' dir='ltr'>selim</span> <span class='ocrx_word' id='word_1_175' title='bbox 356 1882 388 1926; x_wconf 91' lang='lat' dir='ltr'>ut</span> <span class='ocrx_word' id='word_1_176' title='bbox 405 1872 489 1943; x_wconf 83' lang='lat' dir='ltr'>dique</span> <span class='ocrx_word' id='word_1_177' title='bbox 501 1872 835 1943; x_wconf 85' lang='lat' dir='ltr'>hominesquelahorent.</span> 
     </span>
    </p>

    <p class='ocr_par' dir='ltr' id='par_1_19' title="bbox 78 1941 1034 2081">
     <span class='ocr_line' id='line_1_25' title="bbox 78 1941 1034 2063; baseline 0.006 -68"><span class='ocrx_word' id='word_1_178' title='bbox 78 1945 162 1995; x_wconf 83' lang='lat' dir='ltr'>Nunc</span> <span class='ocrx_word' id='word_1_179' title='bbox 176 1959 288 2022; x_wconf 86' lang='lat' dir='ltr'>quoque</span> <span class='ocrx_word' id='word_1_180' title='bbox 299 1952 432 1995; x_wconf 82' lang='lat' dir='ltr'>votorum</span> <span class='ocrx_word' id='word_1_181' title='bbox 443 1959 511 2063; x_wconf 76' lang='lat' dir='ltr'>pars</span> <span class='ocrx_word' id='word_1_182' title='bbox 522 1941 601 1993; x_wconf 91' lang='lat' dir='ltr'>nulla</span> <span class='ocrx_word' id='word_1_183' title='bbox 616 1950 658 1994; x_wconf 87' lang='lat' dir='ltr'>est</span> <span class='ocrx_word' id='word_1_184' title='bbox 670 1959 741 1994; x_wconf 86' lang='lat' dir='ltr'>vana</span> <span class='ocrx_word' id='word_1_185' title='bbox 752 1961 896 2001; x_wconf 87' lang='lat' dir='ltr'>meorum:</span> <span class='ocrx_word' id='word_1_186' title='bbox 982 1951 1034 2009; x_wconf 73' lang='grc'>755</span> 
     </span>
     <span class='ocr_line' id='line_1_26' title="bbox 78 2010 825 2081; baseline 0.004 -18"><span class='ocrx_word' id='word_1_187' title='bbox 78 2013 171 2081; x_wconf 80' lang='lat' dir='ltr'>Dique</span> <span class='ocrx_word' id='word_1_188' title='bbox 185 2011 253 2063; x_wconf 78' lang='lat' dir='ltr'>mihi</span> <span class='ocrx_word' id='word_1_189' title='bbox 267 2011 372 2078; x_wconf 79' lang='lat' dir='ltr'>faciles,</span> <span class='ocrx_word' id='word_1_190' title='bbox 394 2012 441 2081; x_wconf 88' lang='lat' dir='ltr'>qui</span> <span class='ocrx_word' id='word_1_191' title='bbox 462 2010 529 2081; x_wconf 89' lang='lat' dir='ltr'>quid</span> <span class='ocrx_word' id='word_1_192' title='bbox 541 2010 663 2077; x_wconf 88' lang='lat' dir='ltr'>valuere,</span> <span class='ocrx_word' id='word_1_193' title='bbox 681 2010 825 2066; x_wconf 77' lang='lat' dir='ltr'>dederunt</span> 
     </span>
    </p>

    <p class='ocr_par' dir='ltr' id='par_1_20' title="bbox 80 2079 957 2152">
     <span class='ocr_line' id='line_1_27' title="bbox 80 2079 957 2152; baseline 0.003 -20"><span class='ocrx_word' id='word_1_194' title='bbox 80 2079 219 2149; x_wconf 79' lang='lat' dir='ltr'>Quodque</span> <span class='ocrx_word' id='word_1_195' title='bbox 232 2097 293 2151; x_wconf 84' lang='lat' dir='ltr'>ego,</span> <span class='ocrx_word' id='word_1_196' title='bbox 311 2082 372 2133; x_wconf 87' lang='lat' dir='ltr'>vult</span> <span class='ocrx_word' id='word_1_197' title='bbox 383 2082 504 2152; x_wconf 64' lang='lat' dir='ltr'>genitor,</span> <span class='ocrx_word' id='word_1_198' title='bbox 519 2079 580 2131; x_wconf 77' lang='lat' dir='ltr'>vtalt</span> <span class='ocrx_word' id='word_1_199' title='bbox 595 2080 663 2149; x_wconf 86' lang='lat' dir='ltr'>ipsa,</span> <span class='ocrx_word' id='word_1_200' title='bbox 679 2096 815 2152; x_wconf 83' lang='lat' dir='ltr'>socerque</span> <span class='ocrx_word' id='word_1_201' title='bbox 829 2082 957 2142; x_wconf 74' lang='lat' dir='ltr'>futrum:</span> 
     </span>
    </p>

    <p class='ocr_par' dir='ltr' id='par_1_21' title="bbox 79 2148 775 2221">
     <span class='ocr_line' id='line_1_28' title="bbox 79 2148 775 2221; baseline 0.001 -20"><span class='ocrx_word' id='word_1_202' title='bbox 79 2154 116 2201; x_wconf 82' lang='lat' dir='ltr'>At</span> <span class='ocrx_word' id='word_1_203' title='bbox 127 2167 189 2204; x_wconf 86' lang='lat' dir='ltr'>non</span> <span class='ocrx_word' id='word_1_204' title='bbox 199 2150 260 2201; x_wconf 86' lang='lat' dir='ltr'>vult</span> <span class='ocrx_word' id='word_1_205' title='bbox 272 2159 385 2221; x_wconf 80' lang='lat' dir='ltr'>natura,</span> <span class='ocrx_word' id='word_1_206' title='bbox 402 2148 543 2219; x_wconf 87' lang='lat' dir='ltr'>potentior</span> <span class='ocrx_word' id='word_1_207' title='bbox 553 2150 682 2202; x_wconf 87' lang='lat' dir='ltr'>omnibus</span> <span class='ocrx_word' id='word_1_208' title='bbox 698 2150 775 2214; x_wconf 82' lang='lat' dir='ltr'>istis3</span> 
     </span>
    </p>

    <p class='ocr_par' dir='ltr' id='par_1_22' title="bbox 75 2217 1034 2428">
     <span class='ocr_line' id='line_1_29' title="bbox 80 2217 929 2292; baseline 0.009 -22"><span class='ocrx_word' id='word_1_209' title='bbox 80 2222 160 2283; x_wconf 90' lang='lat' dir='ltr'>Quae</span> <span class='ocrx_word' id='word_1_210' title='bbox 172 2218 241 2271; x_wconf 78' lang='lat' dir='ltr'>mssri</span> <span class='ocrx_word' id='word_1_211' title='bbox 253 2219 314 2272; x_wconf 83' lang='lat' dir='ltr'>sola</span> <span class='ocrx_word' id='word_1_212' title='bbox 326 2228 418 2272; x_wconf 87' lang='lat' dir='ltr'>nocet.</span> <span class='ocrx_word' id='word_1_213' title='bbox 452 2217 535 2271; x_wconf 84' lang='lat' dir='ltr'>Venit</span> <span class='ocrx_word' id='word_1_214' title='bbox 548 2220 630 2271; x_wconf 83' lang='lat' dir='ltr'>ecce!</span> <span class='ocrx_word' id='word_1_215' title='bbox 657 2220 780 2288; x_wconf 85' lang='lat' dir='ltr'>optabile</span> <span class='ocrx_word' id='word_1_216' title='bbox 800 2228 929 2292; x_wconf 75' lang='lat' dir='ltr'>tempust</span> 
     </span>
     <span class='ocr_line' id='line_1_30' title="bbox 75 2287 1034 2359; baseline 0 -18"><span class='ocrx_word' id='word_1_217' title='bbox 75 2291 196 2359; x_wconf 80' lang='lat' dir='ltr'>Luxque</span> <span class='ocrx_word' id='word_1_218' title='bbox 208 2288 307 2358; x_wconf 78' lang='lat' dir='ltr'>iugalis</span> <span class='ocrx_word' id='word_1_219' title='bbox 318 2288 403 2352; x_wconf 88' lang='lat' dir='ltr'>adest,</span> <span class='ocrx_word' id='word_1_220' title='bbox 420 2288 519 2339; x_wconf 88' lang='lat' dir='ltr'>utiam</span> <span class='ocrx_word' id='word_1_221' title='bbox 533 2304 597 2341; x_wconf 88' lang='lat' dir='ltr'>mea</span> <span class='ocrx_word' id='word_1_222' title='bbox 613 2287 665 2340; x_wconf 84' lang='lat' dir='ltr'>fiat</span> <span class='ocrx_word' id='word_1_223' title='bbox 676 2288 785 2352; x_wconf 74' lang='lat' dir='ltr'>linthe3</span> <span class='ocrx_word' id='word_1_224' title='bbox 981 2296 1034 2354; x_wconf 79' lang='lat'>760</span> 
     </span>
     <span class='ocr_line' id='line_1_31' title="bbox 80 2356 804 2428; baseline 0.006 -19"><span class='ocrx_word' id='word_1_225' title='bbox 80 2360 141 2409; x_wconf 90' lang='lat' dir='ltr'>Nec</span> <span class='ocrx_word' id='word_1_226' title='bbox 153 2356 224 2410; x_wconf 89' lang='lat' dir='ltr'>mihi</span> <span class='ocrx_word' id='word_1_227' title='bbox 238 2358 397 2428; x_wconf 84' lang='lat' dir='ltr'>continget:</span> <span class='ocrx_word' id='word_1_228' title='bbox 415 2356 514 2409; x_wconf 85' lang='lat' dir='ltr'>mediis</span> <span class='ocrx_word' id='word_1_229' title='bbox 523 2357 650 2410; x_wconf 84' lang='lat' dir='ltr'>sitiemus</span> <span class='ocrx_word' id='word_1_230' title='bbox 666 2356 696 2409; x_wconf 88' lang='lat' dir='ltr'>iu</span> <span class='ocrx_word' id='word_1_231' title='bbox 714 2358 804 2414; x_wconf 87' lang='lat' dir='ltr'>undis.</span> 
     </span>
    </p>

    <p class='ocr_par' dir='ltr' id='par_1_23' title="bbox 79 2425 913 2496">
     <span class='ocr_line' id='line_1_32' title="bbox 79 2425 913 2496; baseline 0.002 -17"><span class='ocrx_word' id='word_1_232' title='bbox 79 2427 212 2482; x_wconf 79' lang='lat' dir='ltr'>Pronuba</span> <span class='ocrx_word' id='word_1_233' title='bbox 227 2425 294 2496; x_wconf 81' lang='lat' dir='ltr'>quid</span> <span class='ocrx_word' id='word_1_234' title='bbox 305 2432 384 2491; x_wconf 86' lang='lat' dir='ltr'>luno,</span> <span class='ocrx_word' id='word_1_235' title='bbox 407 2426 474 2496; x_wconf 90' lang='lat' dir='ltr'>quid</span> <span class='ocrx_word' id='word_1_236' title='bbox 490 2426 613 2493; x_wconf 80' lang='lat' dir='ltr'>adhaec,</span> <span class='ocrx_word' id='word_1_237' title='bbox 631 2430 797 2496; x_wconf 80' lang='lat' dir='ltr'>Hymenaee,</span> <span class='ocrx_word' id='word_1_238' title='bbox 814 2428 913 2482; x_wconf 72' lang='lat' dir='ltr'>venitis</span> 
     </span>
    </p>

    <p class='ocr_par' dir='ltr' id='par_1_24' title="bbox 79 2495 1000 2634">
     <span class='ocr_line' id='line_1_33' title="bbox 80 2495 1000 2566; baseline -0.001 -19"><span class='ocrx_word' id='word_1_239' title='bbox 80 2500 181 2558; x_wconf 80' lang='lat' dir='ltr'>Sacra3</span> <span class='ocrx_word' id='word_1_240' title='bbox 226 2495 307 2548; x_wconf 83' lang='lat' dir='ltr'>uibus</span> <span class='ocrx_word' id='word_1_241' title='bbox 321 2497 368 2566; x_wconf 88' lang='lat' dir='ltr'>qui</span> <span class='ocrx_word' id='word_1_242' title='bbox 380 2496 465 2548; x_wconf 86' lang='lat' dir='ltr'>ducat</span> <span class='ocrx_word' id='word_1_243' title='bbox 474 2496 561 2562; x_wconf 85' lang='lat' dir='ltr'>abest,</span> <span class='ocrx_word' id='word_1_244' title='bbox 583 2495 633 2548; x_wconf 87' lang='lat' dir='ltr'>ubi</span> <span class='ocrx_word' id='word_1_245' title='bbox 646 2495 777 2547; x_wconf 84' lang='lat' dir='ltr'>nubimus</span> <span class='ocrx_word' id='word_1_246' title='bbox 792 2497 911 2552; x_wconf 74' lang='lat' dir='ltr'>arubae?</span> <span class='ocrx_word' id='word_1_247' title='bbox 993 2535 1000 2546; x_wconf 84' lang='lat'><em>.</em></span> 
     </span>
     <span class='ocr_line' id='line_1_34' title="bbox 79 2513 787 2634; baseline -0.004 -15"><span class='ocrx_word' id='word_1_248' title='bbox 79 2565 184 2620; x_wconf 85' lang='lat' dir='ltr'>Pressit</span> <span class='ocrx_word' id='word_1_249' title='bbox 194 2513 230 2616; x_wconf 73' lang='lat' dir='ltr'>ah</span> <span class='ocrx_word' id='word_1_250' title='bbox 241 2564 285 2616; x_wconf 89' lang='lat' dir='ltr'>his</span> <span class='ocrx_word' id='word_1_251' title='bbox 297 2581 406 2618; x_wconf 85' lang='lat' dir='ltr'>vocem.</span> <span class='ocrx_word' id='word_1_252' title='bbox 439 2566 498 2617; x_wconf 85' lang='lat' dir='ltr'>Nec</span> <span class='ocrx_word' id='word_1_253' title='bbox 509 2563 599 2618; x_wconf 88' lang='lat' dir='ltr'>lenius</span> <span class='ocrx_word' id='word_1_254' title='bbox 608 2563 697 2616; x_wconf 89' lang='lat' dir='ltr'>altera</span> <span class='ocrx_word' id='word_1_255' title='bbox 708 2563 787 2634; x_wconf 81' lang='lat' dir='ltr'>virgo</span> 
     </span>
    </p>

    <p class='ocr_par' dir='ltr' id='par_1_25' title="bbox 79 2632 1032 2841">
     <span class='ocr_line' id='line_1_35' title="bbox 80 2632 1032 2703; baseline 0.001 -18"><span class='ocrx_word' id='word_1_256' title='bbox 80 2638 211 2686; x_wconf 80' lang='lat' dir='ltr'>Aestuat:</span> <span class='ocrx_word' id='word_1_257' title='bbox 230 2642 317 2703; x_wconf 87' lang='lat' dir='ltr'>utque</span> <span class='ocrx_word' id='word_1_258' title='bbox 330 2634 406 2687; x_wconf 88' lang='lat' dir='ltr'>celer</span> <span class='ocrx_word' id='word_1_259' title='bbox 419 2632 521 2697; x_wconf 85' lang='lat' dir='ltr'>venias,</span> <span class='ocrx_word' id='word_1_260' title='bbox 540 2636 705 2700; x_wconf 80' lang='lat' dir='ltr'>Hymenaee,</span> <span class='ocrx_word' id='word_1_261' title='bbox 722 2640 864 2701; x_wconf 83' lang='lat' dir='ltr'>precatur.</span> <span class='ocrx_word' id='word_1_262' title='bbox 979 2640 1032 2698; x_wconf 81' lang='lat'>765</span> 
     </span>
     <span class='ocr_line' id='line_1_36' title="bbox 81 2700 997 2771; baseline 0.004 -18"><span class='ocrx_word' id='word_1_263' title='bbox 81 2704 166 2766; x_wconf 90' lang='lat' dir='ltr'>Quod</span> <span class='ocrx_word' id='word_1_264' title='bbox 177 2701 248 2771; x_wconf 89' lang='lat' dir='ltr'>petit</span> <span class='ocrx_word' id='word_1_265' title='bbox 260 2702 339 2769; x_wconf 89' lang='lat' dir='ltr'>haec,</span> <span class='ocrx_word' id='word_1_266' title='bbox 361 2701 509 2754; x_wconf 76' lang='lat' dir='ltr'>Telethusa</span> <span class='ocrx_word' id='word_1_267' title='bbox 524 2701 636 2768; x_wconf 87' lang='lat' dir='ltr'>timens,</span> <span class='ocrx_word' id='word_1_268' title='bbox 651 2700 736 2753; x_wconf 87' lang='lat' dir='ltr'>modo</span> <span class='ocrx_word' id='word_1_269' title='bbox 750 2709 879 2771; x_wconf 83' lang='lat' dir='ltr'>tempora</span> <span class='ocrx_word' id='word_1_270' title='bbox 887 2705 997 2765; x_wconf 72' lang='lat' dir='ltr'>differt:</span> 
     </span>
     <span class='ocr_line' id='line_1_37' title="bbox 79 2769 867 2841; baseline 0 -16"><span class='ocrx_word' id='word_1_271' title='bbox 79 2775 169 2828; x_wconf 77' lang='lat' dir='ltr'>Nunc</span> <span class='ocrx_word' id='word_1_272' title='bbox 184 2771 249 2822; x_wconf 78' lang='lat' dir='ltr'>ficto</span> <span class='ocrx_word' id='word_1_273' title='bbox 261 2770 397 2841; x_wconf 82' lang='lat' dir='ltr'>languore</span> <span class='ocrx_word' id='word_1_274' title='bbox 409 2787 519 2822; x_wconf 87' lang='lat' dir='ltr'>moram</span> <span class='ocrx_word' id='word_1_275' title='bbox 534 2769 629 2822; x_wconf 89' lang='lat' dir='ltr'>trahit.</span> <span class='ocrx_word' id='word_1_276' title='bbox 663 2770 763 2822; x_wconf 85' lang='lat' dir='ltr'>Omina</span> <span class='ocrx_word' id='word_1_277' title='bbox 775 2788 867 2841; x_wconf 86' lang='lat' dir='ltr'>saepe,</span> 
     </span>
    </p>

    <p class='ocr_par' dir='ltr' id='par_1_26' title="bbox 80 2837 927 2988">
     <span class='ocr_line' id='line_1_38' title="bbox 80 2837 927 2909; baseline 0.005 -17"><span class='ocrx_word' id='word_1_278' title='bbox 80 2842 203 2909; x_wconf 86' lang='lat' dir='ltr'>Visaque</span> <span class='ocrx_word' id='word_1_279' title='bbox 215 2848 351 2891; x_wconf 87' lang='lat' dir='ltr'>causatur.</span> <span class='ocrx_word' id='word_1_280' title='bbox 392 2838 446 2891; x_wconf 82' lang='lat' dir='ltr'>sed</span> <span class='ocrx_word' id='word_1_281' title='bbox 458 2838 720 2894; x_wconf 84' lang='lat' dir='ltr'>iamcousumserat</span> <span class='ocrx_word' id='word_1_282' title='bbox 732 2841 866 2896; x_wconf 88' lang='lat' dir='ltr'>omuem‘</span> <span class='ocrx_word' id='word_1_283' title='bbox 893 2837 897 2847; x_wconf 90' lang='grc'>’</span> <span class='ocrx_word' id='word_1_284' title='bbox 925 2853 927 2856; x_wconf 82' lang='grc'>’</span> 
     </span>
     <span class='ocr_line' id='line_1_39' title="bbox 80 2907 735 2988; baseline -0.002 -26"><span class='ocrx_word' id='word_1_285' title='bbox 80 2908 229 2962; x_wconf 82' lang='lat' dir='ltr'>Materiam</span> <span class='ocrx_word' id='word_1_286' title='bbox 243 2908 317 2961; x_wconf 89' lang='lat' dir='ltr'>ficti:</span> <span class='ocrx_word' id='word_1_287' title='bbox 334 2907 474 2988; x_wconf 88' lang='lat' dir='ltr'>dilataque</span> <span class='ocrx_word' id='word_1_288' title='bbox 491 2916 620 2976; x_wconf 84' lang='lat' dir='ltr'>tempora</span> <span class='ocrx_word' id='word_1_289' title='bbox 634 2908 735 2961; x_wconf 83' lang='lat' dir='ltr'>taedae</span> 
     </span>
    </p>

    <p class='ocr_par' dir='ltr' id='par_1_27' title="bbox 80 2976 1034 3117">
     <span class='ocr_line' id='line_1_40' title="bbox 80 2976 1034 3057; baseline 0.001 -26"><span class='ocrx_word' id='word_1_290' title='bbox 80 2978 251 3045; x_wconf 83' lang='lat' dir='ltr'>Institerant,</span> <span class='ocrx_word' id='word_1_291' title='bbox 271 2993 398 3057; x_wconf 87' lang='lat' dir='ltr'>unusque</span> <span class='ocrx_word' id='word_1_292' title='bbox 409 2977 467 3029; x_wconf 78' lang='lat' dir='ltr'>dies</span> <span class='ocrx_word' id='word_1_293' title='bbox 479 2978 613 3031; x_wconf 86' lang='lat' dir='ltr'>restabat.</span> <span class='ocrx_word' id='word_1_294' title='bbox 646 2976 745 3032; x_wconf 75' lang='lat' dir='ltr'>stilla</span> <span class='ocrx_word' id='word_1_295' title='bbox 981 2981 1034 3039; x_wconf 81' lang='grc'>770</span> 
     </span>
     <span class='ocr_line' id='line_1_41' title="bbox 81 3046 705 3117; baseline 0 -17"><span class='ocrx_word' id='word_1_296' title='bbox 81 3046 223 3100; x_wconf 81' lang='lat' dir='ltr'>crinalem</span> <span class='ocrx_word' id='word_1_297' title='bbox 235 3046 320 3117; x_wconf 88' lang='lat' dir='ltr'>capiti</span> <span class='ocrx_word' id='word_1_298' title='bbox 332 3056 430 3098; x_wconf 76' lang='lat' dir='ltr'>vittam</span> <span class='ocrx_word' id='word_1_299' title='bbox 442 3056 579 3117; x_wconf 87' lang='lat' dir='ltr'>nataeque</span> <span class='ocrx_word' id='word_1_300' title='bbox 596 3046 705 3117; x_wconf 85' lang='lat' dir='ltr'>sibique</span> 
     </span>
    </p>

    <p class='ocr_par' dir='ltr' id='par_1_28' title="bbox 81 3115 754 3195">
     <span class='ocr_line' id='line_1_42' title="bbox 81 3115 754 3195; baseline 0.003 -27"><span class='ocrx_word' id='word_1_301' title='bbox 81 3116 223 3168; x_wconf 83' lang='lat' dir='ltr'>Detrahit:</span> <span class='ocrx_word' id='word_1_302' title='bbox 241 3123 270 3166; x_wconf 89' lang='lat' dir='ltr'>et</span> <span class='ocrx_word' id='word_1_303' title='bbox 283 3115 369 3195; x_wconf 81' lang='lat' dir='ltr'>passis</span> <span class='ocrx_word' id='word_1_304' title='bbox 385 3133 463 3168; x_wconf 85' lang='lat' dir='ltr'>aram</span> <span class='ocrx_word' id='word_1_305' title='bbox 479 3116 624 3185; x_wconf 82' lang='lat' dir='ltr'>complexa</span> <span class='ocrx_word' id='word_1_306' title='bbox 636 3115 754 3187; x_wconf 76' lang='lat' dir='ltr'>capillis,</span> 
     </span>
    </p>

    <p class='ocr_par' dir='ltr' id='par_1_29' title="bbox 81 3185 852 3254">
     <span class='ocr_line' id='line_1_43' title="bbox 81 3185 852 3254; baseline 0.003 -16"><span class='ocrx_word' id='word_1_307' title='bbox 81 3185 127 3253; x_wconf 80' lang='lat' dir='ltr'>lsi,</span> <span class='ocrx_word' id='word_1_308' title='bbox 144 3187 351 3250; x_wconf 76' lang='lat' dir='ltr'>Paraetonium,</span> <span class='ocrx_word' id='word_1_309' title='bbox 368 3185 573 3253; x_wconf 86' lang='lat' dir='ltr'>Mareoticaque</span> <span class='ocrx_word' id='word_1_310' title='bbox 586 3202 662 3253; x_wconf 80' lang='lat' dir='ltr'>arva,</span> <span class='ocrx_word' id='word_1_311' title='bbox 684 3186 793 3254; x_wconf 67' lang='lat' dir='ltr'>Pharon</span> <span class='ocrx_word' id='word_1_312' title='bbox 832 3202 852 3240; x_wconf 67' lang='lat' dir='ltr'>a⁴</span> 
     </span>
    </p>

    <p class='ocr_par' dir='ltr' id='par_1_30' title="bbox 82 3252 870 3324">
     <span class='ocr_line' id='line_1_44' title="bbox 82 3252 870 3324; baseline 0.003 -19"><span class='ocrx_word' id='word_1_313' title='bbox 82 3257 161 3318; x_wconf 85' lang='lat' dir='ltr'>Quae</span> <span class='ocrx_word' id='word_1_314' title='bbox 177 3252 255 3320; x_wconf 85' lang='lat' dir='ltr'>colis,</span> <span class='ocrx_word' id='word_1_315' title='bbox 273 3262 302 3306; x_wconf 85' lang='lat' dir='ltr'>et</span> <span class='ocrx_word' id='word_1_316' title='bbox 316 3262 420 3322; x_wconf 85' lang='lat' dir='ltr'>septem</span> <span class='ocrx_word' id='word_1_317' title='bbox 437 3253 577 3324; x_wconf 81' lang='lat' dir='ltr'>digestum</span> <span class='ocrx_word' id='word_1_318' title='bbox 591 3253 621 3307; x_wconf 90' lang='lat' dir='ltr'>in</span> <span class='ocrx_word' id='word_1_319' title='bbox 640 3271 746 3308; x_wconf 86' lang='lat' dir='ltr'>cornua</span> <span class='ocrx_word' id='word_1_320' title='bbox 759 3257 793 3306; x_wconf 87' lang='lat' dir='ltr'>Ni</span> <span class='ocrx_word' id='word_1_321' title='bbox 806 3273 870 3321; x_wconf 82' lang='lat' dir='ltr'>um3</span> 
     </span>
    </p>

    <p class='ocr_par' dir='ltr' id='par_1_31' title="bbox 82 3317 1033 3397">
     <span class='ocr_line' id='line_1_45' title="bbox 82 3317 1033 3397; baseline -0.002 -21"><span class='ocrx_word' id='word_1_322' title='bbox 82 3326 145 3391; x_wconf 78' lang='lat' dir='ltr'>Fer,</span> <span class='ocrx_word' id='word_1_323' title='bbox 164 3338 274 3392; x_wconf 83' lang='lat' dir='ltr'>precor,</span> <span class='ocrx_word' id='word_1_324' title='bbox 291 3322 393 3395; x_wconf 84' lang='lat' dir='ltr'>inquit,</span> <span class='ocrx_word' id='word_1_325' title='bbox 411 3338 502 3396; x_wconf 86' lang='lat' dir='ltr'>opem,</span> <span class='ocrx_word' id='word_1_326' title='bbox 517 3332 671 3397; x_wconf 71' lang='lat' dir='ltr'>nocuoque</span> <span class='ocrx_word' id='word_1_327' title='bbox 682 3324 795 3378; x_wconf 83' lang='lat' dir='ltr'>medere</span> <span class='ocrx_word' id='word_1_328' title='bbox 809 3318 915 3376; x_wconf 82' lang='lat' dir='ltr'>timori.</span> <span class='ocrx_word' id='word_1_329' title='bbox 981 3317 1033 3376; x_wconf 79' lang='lat'>⁷7⁵</span> 
     </span>
    </p>
   </div>
   <div class='ocr_carea' id='block_1_3' title="bbox 127 3417 832 3508">
    <p class='ocr_par' dir='ltr' id='par_1_32' title="bbox 127 3417 832 3508">
     <span class='ocr_line' id='line_1_46' title="bbox 127 3417 832 3508; baseline 0 -39"><span class='ocrx_word' id='word_1_330' title='bbox 127 3432 204 3469; x_wconf 79' lang='lat' dir='ltr'>oran.</span> <span class='ocrx_word' id='word_1_331' title='bbox 225 3417 263 3471; x_wconf 90' lang='lat'>11.</span> <span class='ocrx_word' id='word_1_332' title='bbox 290 3463 293 3468; x_wconf 93' lang='lat'>.</span> <span class='ocrx_word' id='word_1_333' title='bbox 439 3498 444 3508; x_wconf 20' lang='grc' dir='ltr'>ἱ</span> <span class='ocrx_word' id='word_1_334' title='bbox 727 3479 733 3498; x_wconf 45' lang='grc' dir='ltr'><strong><em>Ι</em></strong></span> <span class='ocrx_word' id='word_1_335' title='bbox 808 3417 832 3469; x_wconf 89' lang='lat' dir='ltr'>P</span> 
     </span>
    </p>
   </div>
   <div class='ocr_carea' id='block_1_4' title="bbox 0 0 1181 3834">
    <p class='ocr_par' dir='ltr' id='par_1_33' title="bbox 0 0 1181 3834">
     <span class='ocr_line' id='line_1_47' title="bbox 0 0 1181 3834; baseline 0 0"><span class='ocrx_word' id='word_1_336' title='bbox 0 0 1181 3834; x_wconf 95' lang='lat' dir='ltr'> </span> 
     </span>
    </p>
   </div>
  </div>
 </body>
</html>
