2350 3834
233 226 688 285 uarauoaeuossou
707 227 780 285 na.
800 228 870 284 mv.
967 227 1028 305 251

75 379 108 428 ln
120 388 169 427 sua
182 389 356 428 mersurum:
368 374 512 445 mentique
523 374 657 428 haerebat
669 375 765 448 imago

74 443 222 513 Temporis
233 443 315 510 illius,
332 462 388 513 quo
403 444 460 497 vidi
472 444 539 497 bina
554 462 685 498 meorum
979 448 1032 503 205

75 516 130 567 Ter
142 520 242 585 quater
255 513 343 583 affligi
358 514 499 566 sociorum
514 532 635 583 corpora
647 524 753 578 terrae;

18 582 20 587 ’
76 586 153 646 Quae
167 598 251 650 super
262 584 320 651 ipse
331 582 434 649 iacens,
447 583 548 635 hirsuti
558 600 638 636 more
649 584 747 651 leonis,

51 648 53 655 “
74 652 252 720 Visceraque,
267 659 295 703 et
307 668 412 717 cernes,
427 669 548 722 cumque
562 652 632 704 albis
646 670 708 705 ossa
718 652 858 723 medullis,

74 719 301 801 semanimesque
313 730 389 772 artus
403 721 513 773 avidam
524 721 664 774 condebat
677 722 707 772 in
719 721 823 776 alvum.

74 792 120 853 Me
130 798 238 842 tremor
249 791 362 842 mansit:
376 790 485 842 stabam
497 790 556 842 sine
568 791 703 861 sanguine
715 799 853 845 moestus:

74 858 308 926 Mandentemque
321 858 416 910 videns
430 859 653 929 eiectantemque
668 869 798 912 cruentas

74 925 235 996 Oresdapes,
249 936 277 978 et
288 927 377 979 frusta
392 944 471 980 mero
482 928 640 999 glomerata
652 938 824 1003 vomentem,

73 997 154 1049 Talia
164 996 203 1048 fin
225 996 307 1048 ehem
320 998 423 1048 misero
437 997 506 1048 mihi
519 998 579 1049 fata
592 998 695 1066 parari.
755 1038 756 1043 ¹

73 1067 182 1135 Perque
200 1014 257 1117 (iias
271 1065 374 1118 multos
385 1065 506 1130 latitans,
520 1083 689 1136 omnemque
701 1065 864 1122 tremiscent

74 1135 117 1187 Ad
126 1135 281 1202 strepitum,
295 1144 470 1205 mortemque
482 1136 592 1204 timens,
606 1135 776 1207 cupidusque
790 1137 899 1205 moriri,

75 1203 184 1256 Glande
191 1203 298 1256 famem
304 1204 419 1274 pellens,
436 1213 463 1258 et
473 1205 556 1259 mista
566 1205 714 1258 frondibus
725 1206 823 1275 herba,

75 1273 163 1338 Solus,
177 1273 267 1342 inops,
281 1289 384 1344 exspes,
399 1273 456 1327 leto
471 1291 633 1344 poenaeque
646 1275 770 1342 relictus,
870 1300 872 1305 r

74 1341 156 1394 Haud
166 1342 267 1410 procul
276 1343 393 1412 adspexi
404 1343 489 1414 longo
502 1353 566 1413 post
577 1352 706 1412 tempore
720 1344 830 1398 navim:

76 1410 214 1481 oravique
227 1411 325 1482 sugam
339 1421 429 1483 gestu,
441 1413 477 1465 ad
488 1414 621 1483 littusque
635 1414 761 1467 cucurri:

75 1483 110 1533 Et
122 1480 211 1532 movi:
227 1480 398 1552 Graiumque
409 1482 477 1534 ratis
488 1484 610 1537 'l'roiana
622 1483 737 1565 recepit.

74 1551 118 1602 Tu
169 1550 345 1619 oque-pande
357 1560 429 1619 tuos,
439 1553 575 1605 comitum
588 1553 752 1623 gratissime,
767 1568 857 1620 casm,

74 1621 109 1671 Et
126 1566 214 1683 iaicis,
230 1628 258 1670 et
266 1619 375 1682 turbae,
390 1638 461 1690 quae
474 1631 568 1676 tecum
583 1622 689 1674 credita
702 1630 788 1690 ponto
801 1629 851 1677 eet.

108 1686 216 1739 Aeolon
228 1687 276 1742 ille
288 1689 378 1741 refert
388 1693 479 1743 Tauno
492 1707 613 1761 regnare
626 1691 777 1759 profundo,

73 1755 182 1808 Aeolon
195 1757 378 1826 Hippotaden,
393 1759 572 1812 cohibentem
590 1776 704 1812 carcere
718 1768 832 1811 ventos:
889 1792 892 1803 ·

74 1830 150 1890 Quos
163 1825 241 1878 bovis
254 1827 375 1881 inclusos
386 1837 477 1899 tergo,
488 1829 674 1882 memorabile
685 1845 795 1894 munus,

72 1894 235 1947 Dulichium
247 1897 374 1949 sumsisse
387 1897 504 1951 ducem:
516 1899 643 1968 flatuque
657 1898 779 1950 secundo

72 1963 194 2017 Lucihus
204 1965 256 2016 isse
268 1982 379 2033 novem,
391 1975 419 2019 et
432 1975 539 2020 terram
552 1968 705 2037 adspexisse
719 1966 849 2036 petitem3

73 2033 203 2086 Proxima
213 2043 276 2107 post
287 2052 392 2088 nonam
407 2053 472 2089 cum
487 2054 547 2090 sese
557 2042 666 2088 Aurora
678 2044 813 2101 moveret,

73 2102 181 2155 Invidia
192 2103 292 2170 socios,
304 2104 481 2175 praedaeque
493 2106 625 2183 cupidine
638 2106 746 2171 ductos,

71 2174 138 2224 Esse
150 2180 227 2224 ratos
240 2190 349 2240 aurum,
364 2175 493 2228 demsisse
505 2176 640 2248 ligamina
653 2175 755 2228 ventis:

73 2242 146 2294 Cum
158 2242 258 2311 quibus
268 2243 321 2295 isse
335 2251 422 2311 retro,
435 2261 486 2314 per
500 2263 570 2316 quas
584 2246 672 2299 modo
686 2252 802 2299 venerat
813 2241 912 2312 undas,

73 2309 220 2380 Aeoliique
229 2320 320 2365 ratem
331 2322 430 2381 portus
442 2316 575 2384 repetisse
586 2316 708 2383 tyranni.

72 2379 142 2432 Inde
154 2380 234 2433 Lami
247 2389 372 2435 veterem
383 2385 587 2455 Laestrygonis,
602 2384 701 2454 inqiut,
716 2384 746 2435 in
757 2382 858 2437 urbem

73 2448 216 2519 Venimus.
234 2451 395 2519 Antiphates
408 2462 484 2505 terra
494 2455 632 2525 regnabat
642 2455 672 2505 in
685 2453 743 2505 illa.

73 2518 171 2571 Missus
187 2519 223 2571 ed
237 2518 312 2571 hunc
325 2536 378 2591 ego
390 2538 461 2586 sum,
478 2540 598 2575 numero
613 2521 763 2575 comitante
778 2520 914 2575 duorumt
976 2520 1029 2577 235

73 2587 181 2656 Vixque
194 2587 262 2658 fuga
275 2590 400 2668 quaesita
412 2591 494 2656 salus,
507 2592 670 2662 comitique,
682 2591 814 2660 mihique.

72 2655 184 2709 Tertius
192 2673 212 2709 e
224 2657 305 2710 nobis
315 2660 510 2729 Laestrygonis
522 2660 609 2729 impia
622 2659 704 2725 tinxit

74 2729 131 2777 Ora
144 2741 243 2781 cruore
257 2743 323 2780 suo:
334 2727 506 2800 fugientibus
518 2729 612 2797 instat,
625 2738 653 2782 et
667 2746 684 2781 a
734 2745 769 2782 en

74 2794 205 2847 concitat
213 2796 383 2865 Antiphates.
401 2799 514 2864 Goiiunt,
530 2808 557 2851 et
570 2817 635 2851 saxa
647 2807 675 2850 tr
713 2813 797 2870 esque
952 2835 956 2847 ,

73 2863 251 2932 Continuant,
270 2875 459 2948 merguntque
470 2867 553 2935 viros,
569 2878 754 2939 merguntque
766 2867 885 2924 carinas.
976 2868 1030 2924 240

72 2935 135 2986 Una
145 2941 249 3000 tamem
261 2951 333 3005 quae
347 2944 398 2988 nos
411 2953 558 3007 1psumque
572 2938 692 2990 vehebat
704 2937 811 3006 Ulixen,

72 3002 186 3073 Effugit.
203 3004 308 3057 Amissa
318 3005 461 3058 sociorum
469 3015 558 3076 parte,
571 3008 698 3060 dolentes

72 3071 218 3141 Multaque
235 3074 379 3144 conquesti
392 3077 473 3127 terris
489 3076 638 3130 allebimur
651 3077 705 3130 illis

74 3140 436 3208 Quasproculhinccemis.
451 3147 552 3199 Procul
558 3148 623 3200 hinc
630 3147 790 3215 tibi,cerne,
798 3142 967 3201 ndendaest

72 3209 176 3276 Insula,
190 3209 250 3267 visa
261 3212 338 3267 mihi.
355 3216 462 3284 litque,
477 3232 494 3267 o
508 3216 657 3269 iustissime
671 3219 788 3282 Troum,
975 3210 1027 3266 245

72 3279 148 3331 Nata
160 3279 222 3347 dea,
233 3294 323 3349 neque
336 3283 411 3336 enim
425 3283 504 3336 linito
517 3287 606 3338 Marte
617 3284 757 3338 vocandus

72 3347 165 3401 Hostis
180 3364 218 3416 es,
230 3352 332 3419 Aenea,
345 3368 457 3421 moneo,
471 3353 539 3428 fuge
550 3355 648 3409 littora
660 3356 760 3409 cutes.
