2350 3834
263 201 714 260 METAMORPHOSEON
734 205 817 258 LIB.
839 208 870 257 V.
1001 206 1043 268 79

80 355 184 417 Ferre,
203 350 280 420 quod
299 357 327 402 et
343 348 449 402 meritis
467 357 495 402 et
509 365 579 402 voce
598 359 639 401 est
655 357 766 470 paetus:
784 366 904 423 eumque

80 426 145 475 Non
162 422 225 486 tibi,
243 419 292 471 sed
310 429 403 472 certae
421 419 578 487 praelatum
598 419 656 470 inte
668 419 724 490 lige
742 422 837 475 morti.
903 478 910 490 ‚

80 491 132 545 Ille
150 490 222 542 nihil
240 489 420 542 contrarsed
438 498 467 540 et
484 489 576 554 hunc,
596 498 624 541 et
640 492 739 541 Persea
755 490 835 543 vultu
1007 491 1043 547 30

79 560 199 613 Alterno
217 568 362 629 spectans,
378 567 457 627 petat
472 558 547 610 hunc
562 559 689 628 ignorat,
707 575 743 609 an
759 559 852 616 illum.

81 631 289 698 cunctatusque
306 627 402 694 brevi,
420 636 580 681 contortam
597 628 701 679 viribus
718 627 835 695 hastam,

82 703 208 765 Quantas
226 699 268 755 ira
286 696 386 764 dabat,
403 697 595 766 nequidquam
612 697 642 747 in
659 699 757 748 Persea
774 700 859 763 mitit.

81 772 119 819 Ut
136 769 213 819 stetit
230 767 280 817 illa
295 773 376 827 τοῖος
391 767 486 818 stratis
504 775 565 817 tum
584 766 704 835 denique
720 768 835 821 Perseus

79 836 213 901 Exsiluit,
229 835 344 904 teloque
362 835 443 887 ferox
459 835 574 887 inimica
591 835 707 887 remisso
1008 835 1043 891 35

79 907 202 958 Pectora
217 904 353 974 rupisset,
372 905 425 956 nisi
440 914 507 973 post
524 904 624 956 altaria
642 904 758 956 Phineus

81 970 165 1027 ls'set:
186 983 229 1040 et,
246 973 407 1045 indignam!
425 973 560 1026 scelerato
577 973 684 1043 profuit
701 990 759 1025 ara.

80 1047 187 1096 Fronte
204 1052 299 1095 tamen
317 1043 419 1095 Rhoeti
434 1060 491 1095 nan
508 1043 589 1095 irrita
606 1042 698 1113 cuspis
716 1041 853 1096 adhaesit:

82 1113 137 1176 Qui
153 1121 303 1191 postquam
321 1112 436 1180 cecidit,
454 1113 618 1182 ferrumque
636 1129 668 1164 ex
687 1128 748 1164 osse
764 1112 907 1165 revulsum
924 1119 974 1182 est',

80 1182 217 1250 Palpitat‚
237 1191 265 1234 et
281 1181 385 1250 positas
403 1182 547 1253 adspergit
563 1181 697 1253 sanguine
714 1172 838 1237 mensas.⁴
1007 1179 1044 1238 40

80 1253 155 1303 Tum
173 1250 408 1303 veroindoinitas
426 1252 547 1304 ardescit
563 1251 662 1322 vulgus
678 1251 709 1302 in
726 1251 795 1304 iras:

80 1319 207 1391 Telaque
226 1320 395 1372 coniiciunt:
414 1330 444 1373 et
458 1330 537 1388 sant,
557 1323 605 1391 qui
624 1312 733 1390 Cephea
750 1320 848 1379 dicant
882 1344 884 1349 ’
965 1334 968 1343 ’

82 1392 152 1441 Cum
170 1406 276 1458 genero
295 1389 402 1442 dehere·
413 1392 494 1444 mori.
531 1391 584 1442 Sed
601 1390 698 1442 limine
714 1389 784 1442 tecti

81 1459 195 1512 Exierat
212 1458 353 1527 Cepheia,
369 1468 485 1513 testatus
501 1460 615 1529 iusque,
631 1459 787 1529 iidemque,

81 1528 258 1608 Hospitiique
276 1527 357 1594 deos,
376 1545 425 1596 ea,
443 1546 476 1582 se
489 1530 672 1599 prohibente,
691 1527 808 1581 moveri.

82 1597 188 1649 Bellica
205 1597 294 1648 Pallas
310 1598 404 1662 adest3
424 1608 452 1651 et
468 1599 593 1669 protegit
609 1597 707 1669 aegide
724 1598 853 1663 fratrem,
992 1648 996 1657 ,

82 1669 193 1735 Datque
205 1667 324 1720 animoa.
359 1670 425 1719 Erat
437 1669 520 1720 Indus
534 1668 626 1734 Athis,
645 1684 745 1737 quem,
763 1667 881 1719 flumine
895 1666 992 1737 Gange

81 1736 179 1801 Edita,
195 1736 323 1788 Limnate
337 1736 431 1790 vitreis
443 1737 583 1807 peperisse
600 1737 651 1788 auli
663 1736 749 1787 antris

83 1805 229 1869 Creditur,
248 1805 374 1884 egregius
386 1806 495 1858 forma:
513 1824 599 1875 quam
610 1805 695 1858 divite
706 1804 785 1857 culta

81 1874 227 1944 Augebat,
245 1875 290 1930 lna
300 1874 391 1927 adbuc
407 1876 515 1929 octonis
526 1877 637 1946 integer
653 1874 742 1939 annis,
1009 1869 1044 1932 50

82 1945 200 1995 ludatur
214 1943 392 2011 chlamydem
405 1947 533 2014 Tyriam,
551 1961 637 2026 quam
649 1943 753 1995 limbus
768 1940 865 1994 obibat

82 2017 207 2064 Aureus:
227 2014 365 2065 ornabant
379 2023 477 2066 aurata
489 2013 607 2066 monilia
619 2013 735 2075 collum,

81 2084 116 2137 Et
131 2081 262 2133 madidos
273 2083 387 2150 myrrha
399 2101 516 2136 curvum
530 2083 636 2136 crinale
651 2081 777 2151 capillos·

82 2151 134 2203 Ille
150 2151 266 2220 quidem
280 2151 373 2222 iaculo
388 2153 513 2223 quamvis
527 2152 658 2204 distantia
671 2150 754 2203 misso
847 2168 851 2177 ·

82 2221 182 2291 Figere
197 2220 297 2272 doctus
309 2230 384 2286 erat3
401 2224 451 2275 sed
463 2222 579 2275 tendere
593 2222 704 2274 doctior
718 2235 808 2272 arcus.

81 2291 156 2342 Turn
167 2306 280 2359 quoque
293 2289 369 2343 lenta
380 2309 466 2345 manu
479 2292 646 2345 flectentem
655 2307 762 2343 cornua
773 2291 887 2341 Perseus

82 2359 198 2426 Stipite,
216 2359 266 2428 qui
281 2360 374 2412 media
385 2361 489 2430 positus
504 2360 633 2414 fumabat
647 2361 675 2412 in
691 2359 764 2425 aula,

81 2427 221 2491 Perculit3
241 2436 269 2479 et
281 2428 379 2482 fractis
394 2431 524 2483 confudit
535 2432 564 2483 in
579 2430 684 2482 ossibus
700 2446 758 2481 ora.

83 2499 166 2548 Hunc
180 2497 229 2548 uhi
242 2496 370 2551 laudatos
384 2501 534 2553 iactantem
550 2500 579 2552 in
593 2500 727 2569 sangiune
738 2495 831 2549 vultus

82 2566 209 2634 Assyrius
222 2565 296 2617 vidit
301 2569 440 2636 Lycabas,
457 2570 648 2621 iunctissimus
658 2567 700 2618 illi

83 2638 117 2687 Et
130 2652 243 2701 comes,
262 2644 290 2687 et
302 2638 362 2689 acri
370 2654 429 2690 non
443 2638 632 2690 dissimulator
649 2635 765 2699 amoris;

83 2706 236 2774 Postquam
250 2705 424 2760 exhalantem
437 2709 488 2760 sub
502 2708 606 2760 acerbo
621 2705 736 2757 vnlnere
749 2705 836 2755 vitam

83 2773 249 2843 Deploravit
260 2775 358 2842 Athin3
376 2794 446 2847 quos
457 2777 506 2829 ille
518 2775 691 2840 tetenderat,
706 2791 788 2827 arctis

10 2888 11 2891 ,
83 2842 207 2912 Arripit,
226 2851 268 2908 et,
287 2847 399 2898 Mecum
412 2847 531 2899 tibisint
542 2845 713 2911 certamina,
731 2843 813 2897 dixit:

63 2942 67 2947 ·
81 2915 144 2966 Nec
156 2912 275 2984 longum
287 2915 368 2982 pueri
379 2917 438 2969 lato
452 2916 609 2981 laetabere,
628 2932 683 2985 quo
696 2914 759 2984 plus

82 2981 222 3049 Invidiae,
242 2999 328 3051 quam
341 2984 444 3053 landis,
461 2986 555 3039 habes.
591 2989 667 3037 Haec
684 2984 779 3036 omnia
791 2981 917 3037 nondum

82 3051 213 3115 Dixerat3
232 3052 348 3105 emicuit
359 3072 446 3107 nervo
459 3055 632 3124 penetrabile
646 3053 743 3118 telum,

80 3121 280 3190 vitatumque,
298 3131 393 3176 nmen
406 3124 515 3177 sinuosa
525 3134 602 3177 veste
615 3123 755 3193 pependit.

80 3190 177 3240 Vertit
188 3189 218 3240 in
233 3189 310 3244 hunc
323 3192 445 3262 harpen,
461 3203 615 3276 spectatam
633 3193 718 3245 caede
731 3189 871 3256 Medusae,
928 3256 929 3259 Ἴ

80 3257 305 3329 Acrisioniades,
320 3262 461 3387 adp'ffitqne
473 3273 621 3332 inpactus.
655 3267 690 3313 tt
701 3261 749 3313 ille

80 3331 146 3379 Iam
161 3329 299 3396 moriens,
318 3346 353 3386 oe
393 3349 405 3384 s
420 3332 472 3385 suls
485 3342 569 3386 nocta
580 3331 740 3385 natantibus
754 3338 824 3394 atra,

146 3544 164 3573 O
