2350 3834
152 167 227 261 154*
319 231 322 242 ·
421 194 454 251 e.
477 154 635 248 ovinis
657 189 848 246 ussurus

220 343 300 465 ἓξὲξ
313 335 904 482 tffltffltttttlttttt}

178 479 180 486 ’
221 484 455 550 crescentemque
470 478 555 543 melo,
579 475 684 544 dumui,
703 476 894 557 domitamque
906 479 1022 547 pereni,

101 553 102 558 ’
169 551 204 606 75
223 550 297 615 Quid
311 550 375 602 fere
388 558 418 601 te
431 548 540 613 crudae,
556 546 660 598 falsum
675 547 726 614 qui
739 563 833 598 versus
848 565 878 599 m
894 565 1014 618 anguem

220 624 307 672 Arme
321 619 414 671 aliena
425 617 541 670 moves?
565 632 650 685 quem
664 615 759 667 forma
770 618 900 685 precaria
914 617 1013 671 aelati

195 745 197 756 ,
221 688 349 743 Dixerat:
369 698 398 740 et
408 703 518 739 summo
533 685 686 756 digitorum
699 685 811 737 vineola
828 686 904 738 collo

104 757 110 766 ’
221 757 323 810 Iniicit.
357 758 498 828 Angelius,
514 772 568 809 oea
576 763 691 825 gisum
702 754 814 823 forcipe
824 772 950 824 messus:

139 866 151 886 ,
178 825 186 843 ’
222 825 427 897 Pollicibusque
442 841 519 879 meas
531 823 695 894 pugnabam
711 824 832 876 evellere
846 824 953 880 fauces.

171 897 207 952 80
223 896 269 948 Sic
282 908 393 966 quoque
405 896 514 949 demeto
532 894 659 945 restabat
669 892 755 945 tertie
768 894 842 945 tauri

159 1027 160 1032 ¹
222 968 326 1019 Forma
341 966 441 1018 trucis:
467 974 549 1016 tauro
563 971 686 1014 mausus
704 963 834 1015 membra
849 962 969 1020 rebello-

222 1033 317 1087 Induit
340 1033 388 1087 ille
399 1034 468 1086 toris
479 1050 496 1085 a
508 1032 587 1084 laeva
599 1040 681 1101 parte
697 1030 828 1096 lacertos,

113 1165 115 1172 y
175 1129 180 1174 '.
221 1103 435 1184 Admissumqne
446 1102 561 1168 trahens
572 1101 713 1171 sequitur:
736 1100 929 1171 deprensaque
945 1100 1017 1155 dura

204 1191 206 1198 ’
224 1174 333 1224 Consus
342 1173 405 1244 figit
415 1173 518 1234 hum03
544 1186 648 1252 meque
665 1168 723 1221 alta
737 1170 835 1222 sternit
853 1188 953 1225 arena.

170 1245 206 1300 85
223 1244 281 1295 Neo
302 1242 367 1294 satis
377 1241 407 1293 id
417 1242 525 1302 fueret3
549 1239 676 1309 rigidum
688 1238 750 1291 fera
766 1239 881 1292 dextera
892 1257 984 1293 cornu

224 1312 298 1364 Dum
310 1318 397 1376 tenet,
419 1309 546 1379 infregit,
569 1317 672 1360 trunca
711 1325 757 1360 ea
768 1308 863 1361 fronte
876 1309 997 1366 revellit.

224 1378 327 1433 Naides
339 1378 404 1446 hoo,
460 1379 512 1430 mis
528 1385 556 1429 et
567 1376 656 1430 odoro
672 1325 746 1429 ἕνα
757 1377 906 1446 repletum,

225 1453 390 1510 Sacrmunt3
436 1447 545 1516 ‘vesque
557 1462 623 1497 meo
633 1446 711 1499 bons
718 1446 804 1515 Copia
819 1462 910 1500 ooruu
924 1456 975 1502 est.

223 1517 346 1569 Dixerat.
380 1519 416 1567 At
428 1515 565 1585 Nympha,
581 1515 639 1567 ritu
656 1515 799 1568 succincta
814 1516 929 1585 Dianae,

172 1589 209 1645 90
227 1590 287 1639 Una
298 1584 498 1653 ministrarum,
516 1583 583 1636 fusis
597 1584 654 1636 utri
755 1584 872 1654 capillis,

225 1653 348 1719 lucessit,
364 1660 511 1725 totumque
526 1649 602 1705 tulit*
631 1667 680 1705 rae
703 1653 767 1706 ‘vite
785 1669 874 1706 cornu

223 1731 407 1791 Autumnum,
423 1733 452 1775 et
470 1738 589 1788 mensas,
606 1671 702 1775 iilius
710 1740 806 1791 poma,
831 1720 982 1777 secundas-

225 1795 285 1846 Lux
297 1791 384 1844 subit:
425 1800 460 1858 et,
476 1791 568 1861 primo
581 1791 700 1844 feriente
717 1791 864 1844 acumina
875 1790 951 1859 Sole,

225 1861 379 1914 Discedunt
392 1860 520 1913 iuvenes:
543 1859 734 1930 nequeenim,
753 1860 822 1912 dum
830 1860 951 1912 flumina
961 1863 1059 1929 pesam

174 1933 209 1990 95
225 1932 260 1983 Et
274 1929 399 1999 placidos
415 1930 536 1983 habeant
548 1929 649 1999 lapsus,
672 1939 823 2000 motaeque
840 1928 974 1995 residant,

226 2000 422 2119 opperiuntur,
444 2016 542 2070 aquae.
575 1998 674 2051 Vultus
696 1997 832 2051 Achelous
843 2007 976 2068 agrestes,

225 2071 260 2122 Et
284 2084 398 2121 acerum
413 2085 501 2121 cornu
512 2067 614 2121 mediis
630 2076 715 2138 eaput
732 2067 839 2121 abdidit
858 2067 951 2122 undis.

190 2185 194 2190 .
225 2140 307 2190 Hunc
318 2146 430 2192 tentum
446 2138 535 2190 ablati
548 2137 657 2189 domuit
677 2140 785 2190 iactura
802 2136 926 2189 decoris:

227 2208 343 2260 Caetera
359 2221 451 2276 sospes
464 2216 532 2260 erat.
568 2206 669 2276 Capitis
682 2223 794 2286 quoque
806 2205 908 2258 froude
919 2204 1030 2278 saligna

159 2281 212 2334 100
227 2281 379 2344 Aut‘super
393 2276 523 2344 imposita
533 2274 642 2344 uelatur
656 2276 793 2328 arundine
805 2275 953 2331 damnum.

255 2348 291 2395 at
304 2353 342 2411 te,
359 2346 443 2397 Nesse
454 2344 543 2409 ferox,
562 2344 684 2397 eiusdem
695 2346 810 2416 virginis
817 2345 909 2396 ardor

226 2413 399 2480 Perdiderat,
414 2413 525 2466 volueri
541 2415 692 2467 traiectum
704 2424 785 2487 terga
797 2413 909 2486 sagitta.

227 2485 370 2553 Namque,
394 2497 467 2535 nova
476 2492 607 2553 repetens
619 2485 724 2554 patrios
739 2501 805 2537 eum
822 2483 943 2554 coniuge
956 2493 1062 2545 muros,
1141 2463 1143 2534 i

230 2554 352 2605 Venerat
363 2553 447 2604 Eueni
458 2553 570 2621 rapidas
581 2557 645 2605 Iove
665 2561 746 2605 uatus
758 2553 795 2605 sd
810 2551 908 2605 undas.

161 2623 212 2679 106
229 2621 346 2674 Uberius
361 2619 442 2674 solito
456 2622 558 2674 nimbis
569 2622 734 2676 hiemalibus
749 2631 856 2689 euctm,
897 2677 901 2682 ,

230 2690 443 2761 vorticibusque
454 2691 586 2761 frequens
599 2700 675 2758 erat,
701 2701 785 2761 atque
800 2688 950 2760 impervius
966 2686 1063 2743 amffit.

232 2759 408 2829 Intrepidum
420 2778 473 2830 pro
486 2778 524 2826 se,
543 2778 641 2813 curam
654 2762 688 2813 de
700 2761 818 2842 coniuge
830 2768 964 2831 agentern

229 2829 329 2881 Nessus
347 2829 414 2895 adit,
430 2830 620 2900 membrisque
635 2830 730 2883 valens
757 2838 898 2900 seruisque
913 2828 1063 2891 vadorum

231 2897 387 2967 Officioque
399 2914 463 2950 meo
477 2899 540 2969 ripa
552 2899 664 2951 sistetur
677 2900 706 2950 in
718 2867 769 2951 iila

162 2970 214 3024 110
229 2968 315 3032 Haec,
332 2968 381 3031 ait,
400 2966 510 3021 Alcide:
529 2976 561 3019 tu
571 2967 674 3021 viribus
689 2976 767 3022 utere
782 2963 886 3020 nando.

232 3035 450 3104 [Pallentemque
473 3045 554 3088 metu
565 3037 750 3107 fluviumque,
771 3037 920 3105 ipsumque
932 3027 1085 3098 timentem]

230 3103 358 3157 Tradidit
376 3104 479 3156 Aonius
491 3106 622 3175 pavidam
635 3105 805 3176 Calydonida
815 3106 911 3157 Nesso.

185 3239 189 3246 .
231 3175 305 3240 Mor,
328 3181 443 3240 uteret,
460 3173 646 3246 pharetraque
658 3175 758 3247 gravis,
774 3174 920 3244 spolioque
932 3170 1030 3238 leonis,

231 3244 304 3295 Nam
318 3241 435 3310 clavam,
453 3253 481 3296 et
493 3261 593 3297 curvos
605 3254 684 3298 trans
692 3246 783 3316 ripam
796 3242 912 3296 miserat
923 3258 1014 3309 arnus,

165 3311 214 3369 115
231 3311 465 3384 Quandoquidem
480 3314 571 3385 coepi,
588 3326 755 3390 superentur
766 3313 896 3383 110ώῆ
918 3311 998 3367 diris,
