2350 3834
273 804 316 872 P.
355 804 556 873 OVIDH
592 714 873 876 nnsonla·
937 863 940 868 ,

80 935 1037 1090 uurnuoneflosuon

258 1153 297 1182 ‘²
350 1168 504 1250 menn
540 1169 772 1231 uncinus.
845 1217 848 1230 .

450 1348 663 1380 m

75 1489 153 1576 Inde
231 1523 400 1578 immensum
413 1535 515 1576 croceo
530 1517 636 1574 relatus
654 1521 774 1576 amictu

74 1595 149 1645 A'e're
163 1539 329 1665 &reditun
351 1594 540 1661 Ciconumque
558 1595 732 1660 Hymenaeus
750 1593 785 1645 ad
800 1609 865 1648 oran

73 1662 189 1727 Tendit3
214 1671 242 1714 et
254 1664 362 1743 Orphea
373 1660 564 1732 nequidquam
578 1677 649 1711 voce
668 1670 793 1719 vocatur.

73 1729 174 1783 Adfuit
192 1730 241 1783 ille
255 1732 385 1801 qmdem3
408 1729 458 1783 sed
472 1747 525 1781 nec
538 1728 674 1780 sollennia
684 1730 780 1799 verba,
848 1739 851 1756 '

73 1800 135 1852 Nec
150 1800 238 1852 laetos
251 1800 353 1868 vultus,
369 1817 423 1852 nec
439 1798 507 1851 felin
519 1795 613 1848 attulit
627 1814 720 1851 omen.
1019 1803 1037 1857 5

72 1870 131 1921 Fax
144 1885 273 1939 quoque,
320 1886 377 1921 iarn
390 1867 493 1931 tenuit,
509 1865 660 1918 lacrimoso
673 1865 789 1919 stridula
798 1867 880 1922 fumo

37 1941 39 1954 “
73 1941 167 2019 Usque
179 1938 242 2004 fuit,
259 1887 406 2008 nffiosque
420 1936 525 1989 invenit
535 1934 656 1986 motibus
668 1934 755 2004 ignes.

71 2009 167 2060 Exitus
186 2007 309 2077 auspicio
358 2008 450 2059 avior:
475 2021 540 2056 nam
555 2011 652 2072 nuptu,
669 2020 720 2073 per
732 2003 833 2058 herbae

70 2077 147 2128 Dum
159 2093 233 2129 nova
245 2078 318 2131 Naia
338 2093 387 2128 um
399 2073 483 2127 turba
495 2072 630 2125 comitata
638 2080 765 2143 vagatur,
814 2067 816 2074 '

72 2145 193 2211 occidit,
209 2146 239 2197 in
250 2145 339 2198 talum
350 2142 484 2213 serpentis
496 2141 578 2195 dente
594 2158 660 2193 rece
681 2150 720 2195 to.
845 2191 853 2202 ,
1000 2144 1035 2199 1ο

71 2217 165 2278 Quam
176 2214 242 2267 satia
254 2214 291 2267 ad
300 2230 414 2283 superas
426 2220 577 2282 postquam
589 2210 650 2262 Rho
672 2211 769 2279 opeius
783 2227 868 2264 aurae
960 2239 962 2244 ·

70 2284 193 2336 Deflevit
204 2291 300 2349 vatea;
326 2299 363 2335 ne
375 2299 432 2337 non
446 2288 568 2333 tentaret
580 2288 608 2331 et
621 2280 746 2348 umbras,

69 2353 115 2406 Ad
129 2357 215 2423 Styga
225 2350 362 2406 Taenaria
377 2359 418 2403 est
430 2366 511 2402 ausus
524 2348 692 2401 descendere
706 2357 803 2418 porta:

70 2421 180 2492 Perque
194 2421 269 2474 leves
286 2419 416 2503 populos,
433 2417 639 2487 simulacraque
652 2417 752 2470 functa
766 2417 912 2486 sepulcris,

69 2489 267 2560 Persephonen
280 2491 357 2558 adin,
375 2489 577 2556 inamoenaque
590 2503 621 2538 re
641 2503 678 2539 na
688 2494 832 2538 tenentem
996 2487 1031 2544 15

69 2560 243 2613 Vmbrarum
256 2558 417 2623 dominum
442 2556 583 2627 pulsisque
595 2503 771 2606 adsscarmina
785 2541 878 2609 aerest

69 2629 116 2682 Sic
131 2628 186 2682 ait:
209 2634 230 2680 Ο
248 2628 331 2699 positi
343 2628 395 2681 sub
408 2637 485 2679 terra
499 2623 616 2676 numina
627 2623 735 2691 mundi,

68 2695 100 2749 ln
115 2693 202 2777 quern
215 2697 374 2764 recidimus,
392 2693 528 2766 quidquid
538 2691 658 2752 mortale
677 2709 819 2761 creamur;

67 2766 98 2818 ei
109 2766 187 2833 hcet,
206 2776 243 2835 et,
260 2766 324 2819 falsi
334 2765 433 2838 positia
444 2763 608 2831 ambagibus
620 2761 687 2830 oris,
1048 2807 1050 2814 ,

67 2837 143 2889 Vera
163 2835 243 2907 loqui
255 2835 357 2901 sinitis3
382 2851 441 2887 non
455 2832 521 2897 huc,
538 2840 570 2883 ut
591 2847 680 2899 opaca
693 2828 818 2888 viderem
992 2837 1029 2891 m

65 2903 195 2969 Tartara,
213 2905 360 2968 descendi3
377 2921 431 2956 nec
445 2901 487 2954 uti
499 2899 597 2953 villosa
610 2898 733 2951 colubria

66 2973 459 3036 Terna'Medusaeivincirem
474 2978 587 3041 guttura
604 2968 729 3024 monstri.

67 3045 158 3095 Cauca
170 3041 231 3094 viae
251 3044 361 3110 coniux,
379 3043 408 3093 in
425 3055 510 3111 quam
525 3039 634 3092 calcate
650 3055 790 3094 venenum
835 3093 840 3104 ,

65 3113 172 3182 Vipera
184 3110 303 3178 diffudit,
321 3121 531 3179 crescentesque
548 3107 662 3161 abstulit
679 3124 775 3163 annos.

64 3183 150 3234 Posse
166 3180 224 3249 pati
236 3179 324 3233 volui:
349 3198 402 3233 nec
413 3197 459 3232 me
476 3188 599 3230 tentasse
609 3176 740 3248 negeboz‘
800 3199 803 3202 ·
988 3172 1024 3231 25

65 3251 142 3303 vicii
162 3255 258 3301 Amor.
299 3252 406 3319 Supera
421 3249 487 3301 deus
499 3246 546 3299 hic
559 3248 632 3299 bene
643 3254 724 3299 notua
738 3245 765 3297 in
782 3260 831 3298 ora
846 3252 904 3297 estc
980 3305 984 3312 q

65 3324 108 3372 An
119 3319 159 3373 sit
173 3318 269 3389 ethic,
287 3317 400 3375 dubito:
424 3317 474 3373 aed
488 3325 517 3370 et
527 3316 574 3371 hic
588 3325 685 3370 tamen
698 3331 821 3388 auguror
834 3327 900 3367 ene.
