2350 3834
115 205 120 218 *
163 230 225 294 112
430 230 461 284 Ρ.
483 227 630 296 ovum
650 229 849 316 ussoms

230 378 332 430 Forma
342 388 458 427 movere
467 375 579 443 potest?
598 383 674 427 certe
685 390 749 427 meo
761 379 877 444 pectore
885 377 984 432 movit.
1015 395 1020 406 ²

229 450 274 512 At,
291 444 344 497 nisi
356 460 439 512 opem
451 443 552 511 tulero,
567 453 715 497 taurorum
728 446 870 496 afflabitur
883 461 947 500 ore:

159 516 196 572 30
230 517 436 582 Concurretque
452 529 517 565 suae
529 531 558 566 se
579 515 625 579 eti,
642 514 745 566 tellure
757 511 856 566 creatis

228 582 374 635 Hostibus:
392 589 442 632 aut
455 583 536 635 arido
570 584 662 635 abitur
674 583 735 635 fera
747 583 852 651 praeda
864 582 990 638 draconi.

228 656 289 705 Hoc
301 667 316 703 e
337 668 353 701 o
366 650 388 701 si
404 651 505 719 patiar,
522 661 585 703 tum
597 669 643 703 me
657 651 692 704 de
703 652 805 723 tigride
816 661 920 718 nutem,

228 723 301 773 Tum
312 668 421 771 ssrrum
435 727 463 771 et
476 722 606 789 scopulos
625 730 733 791 gesture
748 721 776 772 in
790 721 876 774 corde
887 720 1009 775 fatebor.

228 792 283 841 Cur
296 806 353 840 non
371 797 400 839 et
409 798 505 857 specto
521 778 705 859 qssfo‘untem?
723 790 875 859 oculosque
887 790 1009 842 videndo

157 863 194 921 85
228 857 413 911 Consoelero?
422 876 483 918 „our
494 843 660 912 notissimos
676 858 808 914 exhortor
819 859 850 910 in
865 857 955 922 illum,

227 926 305 980 Terri
326 944 446 996 suasque
461 928 546 994 seros,
563 928 769 999 insopitumque
780 928 951 996 draconem?

226 1000 261 1056 Di
273 944 391 1068 megliora
402 997 496 1050 velint.
522 1002 764 1071 Quamquamnon
776 997 829 1067 ista
841 991 993 1066 precanda)

229 1066 284 1119 Sed
298 1065 428 1119 facienda
441 1067 519 1122 mihi.
540 1067 698 1119 Prodamne
715 1083 766 1135 ego
784 1083 873 1137 regna
885 1066 1020 1134 parentis,

226 1140 316 1204 Atque
329 1152 381 1204 ope
395 1136 488 1190 nescio
504 1136 564 1204 quis
579 1136 736 1189 servabitur
745 1135 851 1187 advena
860 1143 965 1203 nostra,
985 1156 988 1160 ’

156 1206 194 1263 4ο
227 1209 264 1256 Ut
276 1220 327 1272 per
339 1220 386 1255 me
398 1221 500 1273 sospes,
521 1206 579 1257 sine
595 1222 650 1271 me,
669 1206 716 1256 det
727 1204 927 1270 immanentis,

228 1275 331 1341 Virque
344 1273 379 1323 sit
389 1273 519 1336 alterius3
537 1291 645 1342 poenae
661 1273 759 1325 Medea
773 1271 937 1343 relinquar?

226 1342 254 1394 Si
266 1340 362 1393 facere
372 1341 436 1408 hoc,
454 1342 572 1394 aliamue
587 1351 680 1411 potest
692 1358 866 1411 praeponere
879 1340 970 1405 nobis,

227 1408 383 1462 Occidatin
419 1420 488 1463 atus.
513 1411 567 1462 Sed
578 1429 636 1463 non
649 1412 672 1463 is
685 1412 776 1463 vultus
791 1412 820 1462 iu
833 1410 893 1479 illo,

225 1482 289 1532 Non
300 1495 333 1530 ea
348 1495 384 1529 no
405 1479 477 1531 ilitas
491 1480 584 1533 animo
598 1489 647 1547 est,
666 1498 698 1532 ea
711 1480 801 1551 gratia
813 1480 932 1544 formae,
953 1527 956 1534 ,

155 1549 191 1607 45
225 1552 263 1601 Ut
273 1548 388 1600 timeam
401 1546 540 1615 fraudem,
557 1551 705 1619 meritique
718 1548 820 1601 oblivia
834 1546 932 1601 nostri.

225 1621 260 1670 Et
276 1616 352 1669 dabit
367 1627 431 1670 aute
447 1618 547 1671 fidem:
567 1635 723 1689 cogamque
735 1619 765 1669 in
779 1617 896 1669 foedera
909 1623 993 1667 testes

225 1690 289 1740 Esse
303 1686 377 1753 deos.
402 1687 474 1752 Quid
486 1697 548 1739 tuta
561 1688 663 1740 times?
680 1688 760 1740 acciu
782 1687 838 1751 ere,
857 1696 884 1738 et
897 1700 1011 1738 omnem

225 1754 300 1808 Pelle
314 1771 432 1809 moram.
455 1757 519 1808 Tibi
531 1774 560 1808 se
572 1774 684 1837 semper
697 1701 808 1808 debeiit
819 1759 909 1820 leison,
933 1771 937 1780 ’

224 1826 264 1877 Te
277 1822 340 1875 face
354 1824 472 1877 sollenni
482 1826 580 1896 iunget
593 1827 657 1879 silu:
697 1840 781 1895 erque
794 1824 923 1895 Pelasgas

156 1894 191 1948 50
225 1891 366 1944 servatrix
379 1895 461 1947 urbes
475 1903 599 1946 matrum
614 1843 792 1946 celeirabere
804 1894 915 1946 turha.-

224 1963 297 2032 Er30
320 1977 372 2080 epo
391 1980 562 2033 germanam,
580 1965 763 2032 fratremque,
781 1971 957 2032 patremque,
976 1962 1099 2036 deosque,

225 2032 259 2082 Et
270 2038 364 2081 natae
378 2033 476 2099 solum,
494 2035 582 2085 ventis
596 2033 698 2098 abluta,
717 2031 898 2101 relinquam?

186 2137 193 2148 .
224 2100 332 2168 Nempe
344 2109 423 2168 pater
435 2117 540 2168 saevus,
558 2118 660 2170 nempe
674 2109 714 2152 est
727 2117 790 2152 mea
804 2100 925 2152 barbara
935 2099 1029 2167 tellus,

159 2221 162 2230 ,
225 2171 323 2220 Frater
335 2168 426 2221 adhuc
441 2170 549 2223 infans:
567 2180 643 2224 stent
655 2186 770 2221 mecum
780 2178 845 2220 vota
857 2168 971 2221 sororis.

156 2234 191 2290 55
225 2237 360 2290 Maximus
372 2238 445 2289 intra
460 2256 505 2290 me
520 2237 586 2290 deus
600 2248 649 2291 est,
664 2240 729 2289 Non
741 2255 846 2317 magna
856 2236 1034 2307 relinquam

226 2309 328 2376 Magna
337 2320 449 2374 sequar:
467 2306 581 2358 titulum
593 2316 717 2359 servatae
732 2307 812 2376 publs
823 2306 953 2372 Achivae,
1148 2349 1150 2374 ,

226 2374 417 2443 Notitiamque
426 2375 484 2428 loci
495 2375 628 2442 melioris,
646 2384 674 2428 et
690 2375 801 2445 oppida,
820 2392 941 2445 quorum
1147 2401 1149 2442 ῃ

226 2446 278 2497 Hic
296 2461 407 2514 quoque
421 2444 498 2496 foma
509 2445 594 2515 viget,
612 2445 767 2514 cultusque,
786 2454 914 2514 artesque
926 2444 1067 2497 virorumt

227 2517 372 2582 Quemque
386 2530 437 2586 ego
456 2531 521 2566 cum
531 2515 623 2581 rebus,
640 2532 709 2584 quas
725 2522 800 2565 totus
813 2513 935 2583 possidet
951 2515 1034 2584 orbis,
1081 2521 1084 2530 ⁴

157 2586 194 2641 60
226 2582 381 2636 Aesoniden
392 2592 512 2635 mutasse
525 2584 626 2636 velim:
645 2600 700 2653 quo
713 2582 832 2653 coniuge
843 2581 920 2649 felix,

226 2654 260 2704 Et
274 2652 487 2719 dissuaserim,
505 2661 533 2705 et
544 2653 650 2705 vertice
664 2653 753 2704 sidera
765 2661 889 2722 tangam.

229 2721 310 2785 Quid,
329 2722 405 2791 quod
417 2722 512 2775 nescio
526 2722 573 2792 qui
586 2722 685 2773 mediis
698 2735 867 2773 concurrere
879 2720 907 2772 in
920 2721 1002 2775 undis

225 2789 367 2841 Dicuntur*
377 2800 497 2858 montes,
514 2792 675 2861 ratibusque
686 2790 800 2843 inimioa
812 2790 965 2858 ‘Charybdis

228 2860 309 2910 Nunc
321 2861 434 2912 sorbere
445 2860 560 2926 fretum,
578 2878 654 2912 nunc
668 2859 800 2923 reddere3
820 2859 968 2929 cinctaque
983 2859 1067 2913 saevis

159 2926 194 2983 65
228 2927 320 2996 Scylla
331 2946 418 2997 rapax
429 2929 543 2981 canibus
558 2929 651 2981 Siculo
667 2929 769 2980 latrare
781 2927 944 2996 profundo?

228 2998 336 3063 Nempe
349 3005 454 3064 tenens,
473 2998 547 3067 quod
561 3015 635 3064 amo,
688 2998 816 3066 emioque
831 2996 860 3047 in
875 2997 980 3049 lisonis
991 2998 1101 3049 haerent
1147 2997 1148 3034 ἕ

228 3065 286 3117 Per'
293 3065 366 3117 freta
377 3066 462 3137 longa
474 3067 579 3119 trahar.
598 3069 632 3119 Ni
652 3015 687 3130 ἔξ
697 3066 778 3117 illum
790 3065 925 3134 amplexa,
943 3068 1071 3120 verebor:

229 3137 293 3199 Aut,
310 3135 332 3185 si
347 3133 413 3203 quid
426 3145 560 3200 metuam,
577 3144 702 3187 metuam
716 3134 750 3188 de
763 3134 882 3204 coniuge
895 3135 963 3189 solo.

231 3202 429 3272 Coniugiumne
441 3222 532 3270 vocas,
549 3205 727 3273 speciosaque
741 3203 855 3255 nomina
867 3204 966 3273 culpae
1009 3227 1015 3236 *

160 3272 197 3327 70
228 3273 358 3338 Imponis,
375 3274 480 3340 Medea,
497 3274 582 3325 tuae?
600 3273 667 3342 quin
681 3274 800 3343 adspice5
818 3281 954 3344 quantum
1146 3335 1147 3340 Ἰ

228 3337 396 3410 aggrediare
405 3342 499 3398 nefas:
517 3352 554 3412 et,
572 3341 641 3395 dum
652 3342 729 3412 licet,
747 3342 839 3415 effuge
853 3342 970 3397 crimen.

1003 3731 1010 3756 l
