2350 3834
168 209 228 275 tos
417 211 467 268 e.
490 210 645 266 0v1n11
668 208 857 266 utsonrs
941 175 945 182 ’

166 357 219 411 lim
234 355 441 426 Attonitamque
455 354 569 409 trahens
585 354 659 408 intra
675 370 724 408 sua
740 353 840 408 limina
857 353 941 410 ducit.

234 429 271 477 Ut
286 426 370 477 sentit
385 425 508 495 tetigisse
525 423 641 476 domum
656 423 810 476 Philomela
826 419 999 496 nefandam3'

235 495 350 546 Horruit
365 493 476 560 infelix,
492 501 611 563 totoque
628 492 759 562 expalluit
772 510 830 546 ore.

237 565 325 615 Nacta
340 561 437 618 locum
452 564 576 627 Procne,
594 577 739 614 sacrorum
776 561 875 630 ignora
892 560 988 630 demit,

237 635 291 682 Ora
331 647 345 683 e
363 630 472 684 develet
487 631 606 683 miserae
622 631 746 699 pudibun
769 648 785 681 a
800 632 900 696 sorori,

168 695 220 751 605
235 648 424 770 amffiuexuque
441 700 519 769 petit.
554 700 681 752 sednon
698 698 826 751 attollere
846 707 945 751 contra

236 771 358 821 Sustinet
371 770 443 821 haec
459 768 572 832 oeulos,
587 768 679 837 pellex
696 765 748 819 sibi
764 767 820 818 visa
838 770 953 820 sororis:

235 836 406 906 Deieotoque
423 838 452 889 in
469 837 586 889 humum
603 837 695 897 vultu,
714 836 806 887 iurare
824 836 937 902 volenti,

236 905 397 976 Testarique
414 906 498 972 deos,
514 923 566 975 per
581 906 640 957 vim
657 905 708 957 sibi
726 904 847 957 dedecus
861 905 931 958 illud

237 974 432 1055 Illetumgpro
449 992 518 1029 voce
535 991 633 1026 manus
650 974 712 1026 fuit.
747 973 847 1039 Ardet,
866 983 893 1034 et
910 975 983 1025 iram

70 1072 74 1077 ·
169 1034 222 1093 610
238 1045 300 1096 Non
318 1054 393 1112 capit
408 1045 467 1113 ipsa
477 1060 556 1097 suam
571 1046 691 1098 Procne:
707 1041 863 1112 fletumque
879 1043 983 1094 sororia

238 1113 315 1164 Corri
335 1113 407 1179 iens,
424 1115 487 1165 Non
505 1121 546 1165 est
561 1111 686 1164 lacrimis
702 1111 761 1175 hio,
778 1111 883 1181 inquit,
902 1110 1048 1181 agendum.

238 1180 292 1233 Sed
309 1131 402 1248 diro,
417 1181 469 1233 sed
483 1180 507 1234 si
525 1181 592 1250 quid
607 1181 705 1247 habes,
722 1180 799 1249 quod
814 1182 924 1232 vincere
941 1180 1047 1234 ferrum

237 1251 335 1313 Possit,
353 1250 384 1301 in
401 1267 484 1306 omne
501 1249 580 1300 nefas
598 1266 649 1318 ego
667 1266 726 1315 me,
744 1265 890 1318 germana,
908 1251 1011 1317 paravi.

239 1323 294 1370 Aut
311 1333 379 1388 ego,
402 1334 468 1370 cum
484 1318 592 1369 facibus
607 1316 713 1388 regalia
728 1326 803 1369 tecta
820 1334 957 1384 cremare,

170 1377 221 1436 615
238 1386 381 1438 Artificem
396 1385 495 1438 mediis
510 1386 660 1438 immittam
675 1388 764 1437 Terea
779 1387 915 1438 flammis:

239 1454 442 1525 Autlinguam,
456 1462 503 1505 aut
516 1455 686 1519 oculos‚,eut
700 1470 770 1524 quae
782 1456 834 1507 tibi
845 1455 973 1506 membra
1002 1453 1106 1506 udcrem

240 1523 433 1589 Abstulerant,
450 1522 528 1574 ferro
546 1523 665 1589 rapiam:
683 1532 732 1574 aut
748 1540 799 1592 per
816 1523 932 1575 vulnera
948 1471 1025 1575 mille

240 1596 354 1644 Sontem
364 1592 486 1643 animem
498 1591 642 1660 expellam.
668 1594 801 1662 Magnum
812 1591 999 1661 quodcunque
1010 1590 1106 1659 pareti3

241 1661 314 1725 Quid
330 1660 491 1725 sit„adhuo
505 1658 611 1714 dubito.
645 1659 755 1739 Peragit
771 1660 839 1714 dum
855 1660 922 1712 talia
937 1662 1050 1725 Procne,

172 1717 224 1775 620
239 1729 282 1783 Ad
300 1738 420 1781 matrem
435 1729 563 1781 veniebat
578 1733 642 1797 Itys.
677 1728 751 1793 Quid
764 1725 866 1797 possit,
883 1730 919 1781 ab
935 1728 985 1781 illc

240 1797 388 1850 Admonita
404 1806 459 1851 est:
480 1798 622 1867 oculisque
638 1806 719 1849 tuens
736 1798 901 1863 immitibus,
918 1797 973 1850 ah!
992 1812 1070 1868 quem

240 1869 275 1920 Es
291 1866 389 1918 similis
405 1867 489 1935 patri!
508 1866 583 1921 dixit.
617 1869 676 1919 Nec
691 1866 773 1935 plura
789 1866 893 1934 locuta,

147 1938 149 1942 ’
241 1936 331 1988 Triste
347 1944 427 2004 purat
441 1935 566 2003 facinus,
582 1936 722 2004 tacitaque
740 1944 879 1988 exaestuat
893 1934 944 1989 ira.

242 2008 280 2057 Ut
296 2014 390 2057 tamen
403 2005 625 2068 accersiturum,
643 2004 727 2056 matri
767 2022 782 2070 e
798 2004 918 2058 salutem

101 2137 105 2142 ν
166 2061 225 2116 '⁶25
241 2073 355 2139 Attulit,
371 2083 399 2126 et
414 2073 507 2192 fervis
524 2073 637 2124 adduxit
653 2073 725 2125 colla
754 2074 864 2141 auertis,

242 2143 378 2212 illistaque
394 2141 535 2194 banditiis
550 2141 702 2210 puerilibus
719 2142 816 2194 oscula
831 2142 934 2206 iunxit3

241 2213 319 2264 Mota
336 2210 449 2279 quidem
466 2219 507 2261 est
521 2210 662 2280 genetrix,
678 2209 854 2280 infractaque
871 2211 996 2264 constitit
1013 2213 1065 2265 ire:

226 2325 227 2332 ,
243 2279 377 2358 invitique
394 2277 469 2332 oculi
484 2278 608 2330 lacrimis
623 2278 754 2331 maduere
772 2280 884 2335 coactis.

243 2346 297 2399 Sed
313 2346 395 2398 simul
413 2364 446 2398 ex
463 2347 549 2399 nimia
565 2356 685 2399 matrem
701 2349 804 2417 pietate
820 2349 915 2401 labare

175 2410 227 2467 630
244 2417 349 2483 semite
367 2416 402 2467 ab
418 2415 473 2468 hoc
489 2417 593 2468 iterum
610 2424 652 2467 est
669 2415 705 2468 ad
720 2417 812 2469 vultus
826 2434 906 2470 versa
922 2417 1036 2470 sororis:

241 2489 328 2554 inque
344 2485 435 2537 vicem
450 2494 578 2554 spectans
595 2485 705 2551 ambos,
724 2488 778 2537 Cur
794 2487 938 2554 admovet,
955 2487 1051 2560 iuquit,

243 2554 321 2608 Alter
337 2554 499 2620 blanditias,
517 2564 598 2623 rapta
615 2554 678 2606 silet
695 2553 783 2608 altere
798 2554 912 2625 lingua?

245 2628 337 2688 Quam
353 2632 434 2675 vocat
450 2623 498 2676 hio
512 2632 633 2676 matrem
674 2640 724 2675 cur
740 2641 796 2675 uon
812 2633 895 2677 vocat
910 2623 960 2677 illa
975 2614 1106 2678 sororem?

245 2692 295 2745 Cui
311 2692 347 2743 sis
362 2702 467 2761 nupta,
483 2691 561 2757 vide,
577 2660 716 2744 Pandione
732 2692 942 2758 nata,.maritc.
1153 2703 1154 2708 ’

176 2750 228 2810 635
244 2763 414 2831 Degeneres:
430 2761 519 2813 scelus
537 2770 578 2814 est
593 2761 681 2830 pietas
698 2761 726 2812 in
743 2761 860 2840 coniuge
877 2764 975 2816 Tereo.

246 2833 304 2883 Nec
320 2845 414 2893 mora,
431 2830 515 2882 traxit
528 2835 603 2898 ltyn:
620 2829 706 2881 veluti
722 2831 876 2899 Gangetica
891 2847 990 2885 cervae

245 2900 407 2954 Lactentem
423 2898 531 2950 foetum
549 2915 602 2967 per
615 2897 696 2950 silvas
711 2898 791 2969 tigris
808 2916 917 2968 opacat,

245 2969 339 3034 thue
356 2964 453 3017 domm
470 2967 543 3020 altae
562 2976 670 3035 partem
686 2975 801 3020 tenuere
816 2978 970 3033 remotam3

246 3033 472 3103 Tendentemque
485 3053 592 3102 manus,
611 3046 639 3088 et
654 3036 712 3088 iam
727 3053 777 3088 sua
788 3036 852 3119 fata
867 3036 1015 3102 videntem,

80 3111 83 3116 '
179 3102 232 3159 640
247 3106 294 3168 Et,
312 3111 416 3168 mater,
433 3113 537 3171 mater,
555 3104 734 3170 clamentem,
754 3114 781 3157 et
799 3106 872 3157 colla
888 3115 1029 3175 petentem

249 3174 318 3224 Ense
334 3171 400 3222 ferit
416 3175 536 3238 Procne,
552 3174 635 3225 lateri
652 3191 705 3243 qua
722 3184 816 3243 pectus
833 3174 974 3228 adhaeret.
1040 3219 1046 3224 .

248 3243 307 3292 Neo
320 3239 428 3292 vultum
445 3243 551 3295 avertit.
585 3241 656 3294 Satis
673 3243 714 3295 illi
732 3243 767 3295 ad
784 3244 904 3295 faravel
921 3259 1008 3296 unum

247 3308 353 3374 Vulnus
369 3318 443 3361 erat:
461 3311 589 3381 iugulum
602 3311 680 3365 ferro
693 3312 844 3366 Philomela
861 3313 988 3366 resolvit:
