2350 3834
221 219 670 279 uerrucarnosacn
690 203 773 282 mn.
794 225 842 280 vr.
950 218 1010 284 107

63 368 239 440 luctantiq'ue
255 368 349 438 loqui,
371 381 560 437 compressam
576 366 686 437 forcipe
703 366 829 439 linguam

63 441 173 493 Abstulit
190 455 255 494 ense
272 438 348 490 fero:
365 438 444 489 radix
456 438 544 489 micat
559 436 660 488 ultima
679 436 801 507 linguae.

63 514 118 578 Ipsa
132 511 221 574 iacet,
238 516 386 577 terraeque
403 515 525 558 tremens
542 506 742 557 immurmurat
758 513 844 561 atrae.

63 582 146 648 thue
162 576 246 629 salire
262 577 333 627 solet
349 575 494 627 mutilatae
511 574 601 627 cauda
618 574 768 637 colubraet

63 648 186 716 Palpitat,
206 654 235 697 et
250 645 372 697 moriens
389 644 520 696 dominae
535 643 652 713 vestigia
669 643 788 713 quaerit.

63 718 116 768 llcc
133 731 245 785 quoque
260 713 461 782 pastinamus,
483 713 529 764 rix
545 712 635 763 ausim
653 712 781 780 credere,
798 713 889 766 fermr

64 788 142 853 Saepe
159 800 209 836 sua
226 782 353 834 lacerum
371 781 502 850 repetisse
518 780 635 832 libidine
651 783 762 850 eorptu.

65 853 195 905 substinet
212 851 248 903 ad
264 854 389 903 Procnen
406 858 471 919 post
489 848 557 901 talia
574 849 652 899 facta
666 850 796 915 reverti3·

66 922 177 991 Coniuge
195 936 267 989 quae
283 921 341 971 riso
359 934 523 991 germanam
539 917 657 987 quaerit.
691 923 726 968 nt
740 918 790 969 ille
822 933 825 938 ‘

65 991 111 1042 Dat
126 990 244 1060 gemitus
260 989 349 1054 fictos,
368 996 582 1106 commentaque
598 986 698 1038 funera
714 996 819 1041 narrat.

65 1061 92 1110 Et
107 1058 239 1110 lacrimae
255 1058 349 1110 fecere
366 1058 461 1109 fidem.
494 1059 534 1108 Ve
546 1056 640 1107 aminn
655 1057 763 1107 Procne

64 1128 162 1195 llen‘pit
178 1143 212 1177 ex
228 1126 365 1190 humeris,
383 1142 452 1178 auro
469 1124 607 1195 fulgentia
623 1123 694 1176 lato:

66 1196 239 1265 lnduiturque
257 1203 330 1246 atras
347 1204 451 1247 vestes:
475 1203 503 1245 et
519 1195 602 1262 inane
618 1191 778 1261 sepulcrum

66 1265 218 1316 Constituit:
236 1264 367 1333 falsisque
384 1262 496 1332 piacula
513 1259 641 1314 manibus
657 1261 760 1313 infert:

64 1335 93 1385 Et
108 1333 185 1404 luget
200 1350 258 1384 non
275 1333 315 1385 sio
331 1331 469 1402 lugendae
485 1332 544 1383 fata
560 1330 673 1383 sororia.
691 1341 694 1349 '

66 1402 142 1473 Signa
159 1402 224 1453 deus
241 1401 348 1453 bissex
365 1410 436 1458 acto*
446 1401 612 1452 lustraverat
628 1415 710 1452 anno.

65 1470 131 1534 Quid
146 1471 232 1523 faciat
247 1470 419 1521 Philomela?
435 1469 533 1538 fugam
552 1468 680 1521 custodia
697 1466 819 1520 claudit:

65 1543 167 1591 Structa
181 1540 275 1609 rigent
290 1538 378 1591 solido
395 1539 569 1590 stabulorum
586 1537 700 1589 moenia
716 1553 795 1588 saro:
865 1549 869 1554 ⁴

66 1611 94 1659 Os
110 1617 218 1659 mutum
235 1607 302 1659 facti
320 1616 399 1659 caret
415 1608 516 1659 iudice.
553 1605 665 1658 Grande
683 1604 775 1657 dolori

64 1679 201 1747 Ingenium
219 1686 273 1741 est,
289 1676 450 1745 miserisque
466 1675 543 1726 venit
558 1674 684 1726 sollertia
699 1674 793 1727 rebus.

65 1748 181 1797 Stamina
196 1745 344 1797 barbarica
359 1744 502 1812 suspendit
517 1743 619 1795 callida
634 1743 706 1794 tela:

65 1814 264 1883 Purpureusque
281 1823 360 1866 notus
376 1813 428 1864 filis
445 1812 562 1864 intexuit
578 1812 657 1875 albis,

65 1884 194 1936 Indicium
212 1883 337 1935 sceleris:
355 1882 538 1950 perfectaque
554 1880 671 1932 tradidit
687 1879 745 1944 uni,

65 1954 149 2020 thue
164 1953 236 2004 ierat
252 1951 382 2002 dominae
399 1959 479 2020 gestu
492 1957 583 2020 rogat.
617 1949 667 2000 Ille
683 1956 784 2018 rogata

65 2021 173 2072 Pertulit
187 2021 223 2073 ad
238 2023 381 2087 Procnen,
398 2036 451 2071 nec
468 2019 537 2083 scit,
555 2017 623 2086 quid
638 2011 731 2069 tradat
747 2016 777 2067 in
792 2015 854 2070 illis.
958 2016 1010 2071 580

65 2089 166 2142 Evolvit
181 2099 269 2142 vestes
286 2090 361 2140 saevi
377 2096 506 2139 matrona
521 2085 641 2154 tyranni,

68 2159 270 2229 Germanaeque
287 2174 353 2209 suae
370 2172 484 2209 carmen
500 2154 658 2207 miserabile
674 2152 753 2225 legit,

67 2227 110 2289 Et,
127 2228 228 2280 mirum
243 2228 378 2296 potuisse,
395 2226 473 2288 silet3
491 2224 573 2276 dolor
589 2241 641 2276 cra
655 2223 794 2293 repressit,

67 2295 204 2367 Verbaque
222 2296 367 2366 quaerenti
381 2294 446 2346 satis
462 2293 637 2363 indignantia
650 2292 764 2362 linguae

68 2363 226 2429 Defuerunt3
245 2381 298 2422 nec
314 2365 383 2416 flere
399 2371 494 2426 vacat3
517 2361 566 2414 sed
583 2362 682 2431 fasque
695 2361 830 2432 nefasque
880 2373 882 2377 “

68 2418 213 2487 Conlusura
228 2435 299 2500 ruit,
316 2449 478 2501 poenaeque
494 2431 523 2482 in
537 2432 660 2501 imagine
675 2439 736 2480 tota
754 2438 802 2482 est

99 2503 213 2573 Tempus
226 2512 301 2566 erat,
319 2520 373 2571 quc
391 2518 471 2552 saera
487 2500 577 2551 solent
591 2498 745 2550 'Iiieterica
759 2496 860 2550 Bacchi

71 2567 200 2624 Sithoniae
215 2572 358 2625 celebrare
374 2585 468 2621 nurus.
503 2571 563 2620 Nor
578 2567 690 2619 conscia
705 2566 800 2621 naaria

69 2638 150 2691 Nocte
166 2652 245 2694 sonat
261 2639 395 2708 Rhodope
411 2638 556 2689 tinnitibus
574 2635 645 2687 aeris
662 2635 752 2687 acuti:

70 2706 152 2761 Nocte
168 2728 216 2763 sua
236 2719 277 2763 est
296 2724 405 2779 egressa
421 2707 505 2758 domo
522 2704 635 2774 regina,
654 2703 755 2771 deique

69 2773 169 2830 Ilitibus
184 2779 346 2845 instruitur,
362 2774 530 2845 furialiaque
548 2772 650 2841 accipit
666 2787 753 2825 arma.

69 2843 128 2895 Vite
144 2858 225 2916 caput
239 2849 358 2919 tegitur:
376 2843 459 2897 lateri
477 2843 588 2896 cervina
604 2840 715 2893 sinistro
805 2853 809 2866 ¹

70 2911 174 2966 Vellera
189 2916 357 2986 dependent:
374 2914 492 2965 humero
509 2911 577 2964 levis
593 2911 708 2963 incubat
724 2909 810 2964 hasta.

70 2978 178 3035 Concita
193 3002 243 3054 per
259 2986 356 3050 silvas,
373 2983 456 3034 turba
473 2982 623 3034 comitante
638 2995 760 3046 suarum,

70 3048 204 3105 Terribilis
219 3056 340 3119 Procne,
357 3052 491 3120 furiisque
509 3051 614 3121 agitata
630 3048 742 3113 dolosis,
958 3047 1008 3114 695

72 3117 186 3185 Bacche,
206 3130 267 3174 tuas
284 3121 403 3174 simulat.
436 3120 519 3172 Venit
535 3120 572 3171 ad
587 3116 695 3169 stabula
713 3116 773 3168 avia
789 3115 911 3183 tandem,

71 3184 258 3259 Exululatque‚
276 3194 404 3259 Evceque
420 3197 517 3253 sonat,
535 3196 685 3257 portasque
702 3185 840 3263 refringit,

74 3253 288 3329 Germanamque
300 3260 387 3327 rapit:
405 3267 554 3326 raptaeque
569 3255 687 3325 insignia
704 3253 805 3305 Bacchi

74 3318 176 3390 Induit,
192 3336 219 3379 et
233 3329 323 3381 vultus
340 3327 507 3380 hederarum
521 3323 668 3378 frondibus
684 3322 770 3388 abdit,
