2350 3834
300 831 566 902 P.0V1D11
596 801 846 899 irascens

90 969 1046 1079 METAMORPHOSEON

332 1200 486 1258 monn
515 1194 817 1256 conuentus,
886 1159 890 1166 ’

459 1371 675 1402 ψ

93 1511 240 1602 Carmine
254 1549 323 1602 dnm
337 1547 389 1600 teli
400 1546 491 1617 silvas,
510 1550 675 1621 animosque
686 1549 815 1608 ierannn

88 1618 237 1676 Tine'icius
251 1628 339 1685 vates,
358 1625 387 1670 et
399 1634 464 1670 saxa
479 1622 624 1689 sequentia
637 1620 715 1673 ducit
723 1639 733 1685 3

88 1688 162 1740 Ecce
174 1703 262 1740 nurus
276 1689 419 1753 Ciconum,
436 1694 531 1740 tectae
544 1689 690 1759 lymphata
698 1688 799 1741 ferinis

87 1757 208 1809 Pectora
219 1756 378 1824 velleribus,
395 1756 498 1807 tumuli
510 1757 545 1809 de
557 1758 664 1810 vertice
678 1764 801 1811 cernunt

89 1825 200 1895 Orphea
214 1826 351 1896 percussis
365 1825 520 1878 sociantem
533 1827 659 1879 carmina
672 1827 774 1880 nervia.

87 1894 111 1946 E
125 1895 227 1964 quihus
242 1912 307 1961 una,
325 1894 418 1946 levem
432 1894 537 1948 iactato
553 1896 633 1948 crine
644 1912 697 1965 per
710 1910 820 1963 auram,

87 1965 130 2015 En
142 1963 193 2028 ait,
212 1981 247 2015 en
259 1964 306 2016 hic
320 1972 363 2014 est
375 1963 465 2015 nostri
480 1972 656 2017 contemtor:
675 1973 703 2018 et
715 1964 825 2018 hastam

52 2043 59 2054 “
87 2033 166 2084 Vatis
180 2032 340 2101 Appollinei
354 2031 465 2084 vocalia
478 2034 554 2085 misit
565 2034 596 2085 in
609 2050 674 2087 craz

89 2104 168 2165 Quae
180 2101 256 2153 foliis
269 2108 508 2170 praesutanotnm
522 2099 581 2155 sine
594 2103 711 2165 vnlnere,
722 2101 803 2156 fecit.

88 2170 211 2222 Alterius
225 2170 317 2223 telum
333 2169 403 2239 lapis
420 2179 475 2223 ests
493 2163 541 2241 qui
553 2172 662 2238 missus,
677 2172 785 2242 inipso

89 2241 162 2291 Aere
176 2248 317 2293 concentu
329 2239 420 2292 victur
433 2239 568 2310 vocisque
584 2241 718 2311 lyraeque
735 2249 787 2310 est,

88 2314 130 2361 Ac
143 2308 232 2361 veluti
245 2308 362 2378 supplex
375 2325 428 2378 pro
443 2318 502 2361 tam
510 2310 659 2363 furialibus
674 2310 748 2363 euris
787 2331 792 2340 ·
876 2372 879 2378 Ι

87 2383 161 2430 Ante
172 2378 257 2447 pedes
269 2378 364 2431 iacuit.
390 2378 444 2430 sed
456 2379 532 2432 enim
546 2380 698 2432 temeraria
710 2387 841 2432 crescunt

88 2446 175 2514 Bello,
193 2447 293 2499 modus
334 2447 452 2514 eebiiit,
469 2449 622 2518 insanaque
636 2457 737 2520 regnat
747 2448 874 2518 Erinnys.

91 2518 257 2586 Cunctaque
269 2525 297 2569 te
310 2532 327 2567 a
341 2516 437 2568 forent
453 2526 540 2569 centn
552 2517 680 2582 mollita3
699 2517 748 2569 aed
759 2517 859 2588 ingens
1018 2515 1051 2570 15

71 2586 214 2651 'Clamon
234 2594 263 2637 et
275 2585 375 2637 inflato
389 2588 572 2653 Berecynthia
584 2586 653 2639 tibin
668 2603 765 2652 cornu,

88 2656 299 2724 Tympanaque‚
309 2654 493 2723 ¹plaususque,
512 2663 541 2707 et
552 2655 672 2708 Bacchei
684 2654 809 2706 ululatus

89 2724 277 2791 Obstrepuere
292 2739 362 2775 sono
376 2722 509 2778 citharae.
532 2728 606 2777 Tum
620 2723 739 2795 deniqne
754 2731 832 2776 saxa'

88 2794 154 2846 Non
169 2792 291 2845 exauditi
304 2792 459 2845 rubuerunt
473 2794 607 2864 sanguine
617 2793 695 2847 vatis.

88 2867 126 2914 At
140 2862 267 2931 primum
280 2862 414 2914 attonitae
426 2861 582 2915 etiamnum
594 2879 664 2915 voca
680 2861 806 2914 canentis
1016 2864 1052 2920 20

73 2935 255 2984 innumeras
271 2930 410 2995 volucres,
429 2947 599 3002 anguesque,
618 2949 634 2984 a
656 2948 777 3013 menque
791 2931 927 2999 ferarum,

87 2998 241 3052 Maenades
254 2999 357 3068 Orphei
373 2999 488 3053 titulum
501 3018 622 3070 rapuere
633 3011 646 3053 t
666 3009 754 3066 eotn3

89 3068 159 3122 Inde
172 3069 327 3122 cruentatis
344 3077 493 3122 vertuntur
509 3072 539 3123 in
555 3072 668 3140 Orphea
680 3070 800 3123 dextris:

88 3141 125 3191 lit
138 3141 254 3204 count,
272 3146 305 3189 ut
319 3154 393 3204 ares,
412 3138 436 3190 si
452 3140 564 3208 quando
577 3140 643 3193 lnce
657 3150 810 3210 rogantem

89 3207 188 3262 Noctis
201 3224 284 3259 avem
297 3215 430 3260 cernunt:
449 3217 615 3281 structoqu'e
633 3211 776 3281 utrimque
790 3207 902 3261 theatro
1016 3199 1050 3255 25

90 3278 148 3328 Gen
162 3275 306 3328 matutina
321 3293 419 3329 cervus
432 3278 574 3346 periturns
587 3295 673 3332 arena

89 3346 200 3401 Praeda
216 3360 320 3400 conum
335 3355 392 3400 est:
409 3355 559 3420 ratemque
572 3357 684 3420 petunt,
702 3355 732 3400 ot
745 3343 849 3400 fronde
861 3339 966 3398 virenti
