2350 3834
229 217 672 277 narsnoneaosaon
691 177 778 276 trs.
800 222 846 276 v1.
952 221 1012 282 105

70 364 111 420 Ad
121 363 251 417 mandata
264 366 398 428 Procnes3
423 364 520 436 etegit
536 379 588 415 sua
599 363 725 416 votasub
744 364 808 419 illis.

70 433 227 488 Facundum
243 433 364 486 faciebat
377 450 473 486 amor:
503 434 667 502 quotiesque
680 435 799 505 rogabat

71 503 187 555 Ulterius
201 503 288 565 iusto;
310 506 436 555 Procnen
448 502 488 553 ita
500 502 572 554 velle
588 500 706 556 ferebat.
963 504 1015 561 470

71 572 177 623 Addidit
190 578 218 622 et
228 570 371 637 lacrimas,
389 580 524 640 tanquam
536 570 695 622 mandasset
713 578 741 621 et
758 570 828 626 illas.

71 642 134 692 Pro!
160 640 266 707 Superi,
285 649 421 708 quantum
432 639 562 692 mortalia
577 647 695 707 pectora
709 656 810 692 caecae

71 708 162 763 Noctis
180 709 297 760 habent!
331 708 393 777 ipso
409 708 520 760 sceleris
537 707 684 762 molimine
708 710 811 761 Tereus

73 776 196 829 Creditur
209 776 340 844 essepius,
357 777 469 828 laudem
489 793 524 827 ue
537 793 552 826 a
566 775 684 828 crimine
695 777 788 830 sumit.

73 845 149 909 Quid,
177 844 254 914 quod
267 844 343 897 idem
359 795 512 897 Philomhha
529 845 614 911 cupit,
637 842 798 913 patriosque
818 844 929 898 lacertis
964 844 1015 901 475

72 913 172 967 Blanda
183 923 280 965 tenens
293 914 431 980 humeros,
448 921 480 965 ut
497 921 542 965 eat
553 913 645 963 sisma
662 928 795 977 sororem,

72 984 175 1051 Perque
185 998 274 1049 suam,
290 992 443 1051 contraque
453 998 541 1039 mam.
558 981 631 1050 petit
643 996 731 1049 usque
744 982 871 1037 salutem.

73 1053 182 1119 Spectat
203 1067 266 1103 eam
279 1054 689 1119 Tereus,-praecontrectatque
702 1049 837 1102 videndo:

74 1120 234 1188 Osculaque,
257 1127 285 1172 et
295 1120 370 1172 cello
382 1119 556 1172 circumdata
570 1117 685 1169 brachia
695 1134 820 1186 cernens,

74 1189 167 1240 Omnia
179 1205 232 1257 pro
241 1189 368 1254 stimulis,
385 1188 556 1255 facibusque,
573 1187 692 1256 ciboque
704 1186 807 1239 luroris
882 1209 888 1220 ·

73 1257 191 1325 Accipit3
211 1265 241 1309 et
257 1258 366 1327 quotics
381 1255 560 1325 amplectitur
578 1255 628 1306 illa
641 1265 795 1323 parentem,

73 1328 133 1377 Esse
145 1326 354 1393 pareusrellet:
377 1324 559 1394 nequeenim
575 1324 669 1376 minus
683 1324 784 1394 impius
798 1333 879 1381 esset.
955 1361 959 1367 ·

73 1392 197 1445 Vincitur
214 1395 362 1448 ambarum
375 1395 485 1464 genitor
494 1408 593 1462 prece:
615 1392 732 1462 gaudet,
753 1393 867 1466 agitque

73 1463 121 1515 Illa
132 1461 208 1530 patri
223 1472 331 1532 grates:
362 1471 391 1514 et
405 1462 566 1515 successisse
585 1460 691 1516 duabus

74 1530 103 1583 Id
118 1537 199 1599 putat
208 1530 314 1597 infelix,
331 1530 407 1599 quod
420 1531 474 1583 erit
495 1530 614 1599 lugubre
627 1530 744 1583 duabus.

74 1603 130 1651 lam
145 1598 229 1651 labor
247 1599 288 1651 exi
308 1616 360 1651 uus
374 1599 485 1651 Phoebo
497 1599 634 1651 restabat:
660 1597 779 1679 equique

73 1667 218 1720 Pulsabant
229 1617 346 1736 pedihus
364 1669 482 1735 spatittm
503 1666 616 1719 declivis
636 1666 761 1735 Olymp1;

75 1737 185 1806 Regales
196 1737 294 1806 epulae
309 1737 417 1800 mensis,
436 1746 464 1788 et
476 1734 598 1788 Bacchus
610 1735 639 1786 in
653 1751 722 1786 auro

75 1805 198 1857 Ponitur:
227 1806 297 1857 hinc
306 1803 415 1875 placido
434 1803 534 1856 dantur
547 1820 597 1854 sua
612 1820 730 1872 corpora
740 1817 848 1855 somno.

76 1878 110 1924 tt
120 1891 169 1925 rex
188 1873 332 1943 Odrysius,
365 1874 490 1942 quamvis
500 1872 620 1936 secessit,
637 1871 731 1923 inilia

77 1945 198 1994 Aestuat:
225 1953 254 1995 et
265 1949 393 2011 repetens
403 1941 516 2007 faciem,
539 1950 687 2008 motusque
703 1954 882 2008 manusquep

77 2011 172 2072 Qualia
182 2010 245 2062 stult
257 2011 346 2080 fingit,
370 2027 441 2080 quae
456 2007 580 2061 nondum
594 2007 670 2073 sidit,
689 2016 717 2059 et
736 2007 814 2077 ignes

78 2080 136 2144 lpse
145 2096 209 2131 suos
221 2079 320 2144 nutrit,
338 2095 405 2131 cura
422 2085 585 2130 removente
601 2093 740 2145 soporem.

78 2147 133 2198 Lux
146 2156 219 2200 erat:
240 2156 269 2199 et
277 2147 377 2217 generi
391 2147 518 2199 dextram
534 2144 694 2213 complexus
716 2145 816 2211 euntis,

78 2214 195 2268 Pandion
210 2217 343 2268 comitem
356 2215 479 2268 lacrinris
492 2214 670 2267 commendat
682 2212 801 2265 obortis:

79 2284 153 2336 Hanc
164 2301 225 2354 ego,
247 2301 313 2338 care
325 2300 420 2354 gener,
444 2284 574 2363 quoniam
596 2284 642 2352 pia
660 2298 743 2335 causa
757 2281 859 2351 co'e'git,

82 2348 127 2417 [Et
137 2352 248 2405 voluere
260 2353 369 2417 ambae,
385 2352 538 2405 volueritn
549 2368 671 2422 quoque,
687 2351 797 2418 Tereu,]

81 2420 121 2472 Do
131 2419 194 2473 tibi:
212 2438 319 2491 perque
332 2422 426 2488 fidem,
448 2430 622 2491 cognataque
635 2423 751 2488 pectora
761 2418 883 2487 supplex,

81 2487 132 2538 Per
144 2493 260 2558 Superos
279 2507 339 2553 oro,
361 2490 451 2559 patrio
463 2492 565 2541 tuearis
584 2504 697 2540 amore:

82 2556 116 2605 Et
129 2558 193 2609 mihi
205 2558 342 2610 sollicitae
355 2558 477 2610 lenimen
495 2558 576 2610 dulce
587 2565 715 2608 senectae
939 2581 942 2586 ’
971 2556 1022 2611 500

83 2625 298 2695 Quamprimum,
316 2627 405 2679 omnis
418 2626 471 2678 erit
483 2627 563 2677 nobis
577 2641 659 2676 mora
673 2622 722 2674 lon
744 2639 770 2688 a,
787 2622 920 2675 remittes.

83 2692 123 2742 Tu
138 2712 247 2765 quoque
259 2696 481 2765 quamprimum,
500 2695 564 2745 satis
581 2702 622 2744 est
634 2709 702 2761 proc
748 2708 805 2744 esse
817 2709 952 2759 sororem,

85 2760 112 2810 Si
122 2763 204 2830 pietas
217 2764 276 2815 ulla
289 2773 338 2829 est,
356 2764 457 2828 adme,
475 2761 638 2825 Philomela,
658 2760 759 2815 redito.

84 2829 234 2898 Mandabat,
251 2834 411 2912 pariterque
421 2848 489 2883 suae
503 2831 588 2883 dabat
600 2829 695 2882 oscula
713 2837 808 2883 natae:

84 2896 117 2947 Et
130 2898 259 2955 lacrimae
275 2902 441 2953 mitesinter
455 2899 588 2953 mandata
601 2898 746 2952 cadebant.
918 2903 923 2917 ¹
970 2900 1022 2957 505

85 2966 169 3036 thue
180 2970 235 3023 fide
247 2970 347 3040 pignus
358 2968 466 3021 demas
483 2969 629 3038 utriusque
645 2967 781 3038 poposcit,

85 3034 156 3088 Inter
165 3055 247 3108 seque
260 3038 337 3091 datas
350 3038 453 3104 iunxit;
483 3047 644 3107 natamque,
660 3045 858 3109 nepotemque,

85 3100 208 3159 Absemes
218 3107 337 3160 memori
365 3124 398 3160 ro
412 3123 442 3158 se
456 3107 533 3159 iubet
546 3124 595 3160 ore
611 3105 745 3162 salutent:

86 3171 298 3246 Supremumque
309 3193 326 3227 r
355 3192 380 3244 e,
404 3175 487 3244 pleno
500 3174 665 3246 singultibus
677 3190 736 3239 ore,

86 3237 135 3290 vix
146 3239 225 3298 dixit:
246 3245 396 3314 timuitque
409 3261 475 3298 suae
490 3243 635 3313 praesagia
647 3242 757 3295 mentis.
972 3236 1022 3291 510

87 3310 123 3356 At
134 3309 213 3368 simu
224 3312 356 3385 imposita
372 3321 413 3367 est
423 3313 514 3386 pictae
523 3311 678 3367 Philomela
691 3310 812 3377 carinae,
