2350 3834
246 187 686 278 Marrucaruosaou
706 169 789 263 arfa.
811 209 857 263 va
938 204 1043 302 991)
1102 197 1106 204 ’

92 349 243 422 Indignata
257 349 310 403 dea
326 358 380 404 est:
396 366 559 420 summoque
575 351 606 403 ia
622 352 726 405 vertice
742 351 841 421 Cynthi
879 373 884 381 ·
947 380 951 389 ·

92 421 207 472 Talibus
226 428 266 472 est
281 418 362 471 dictis
379 419 490 489 gemina
507 437 571 471 cum
587 421 668 500 prole
684 420 795 474 locuta:
992 420 1044 477 205

92 491 136 540 En
153 505 207 569 ego
224 497 316 539 vestra
331 505 444 557 parens,
462 488 538 540 vobis
554 505 679 541 animosa
695 490 805 556 creatis,

91 559 142 617 Et,
157 558 212 609 rusi
229 556 340 622 Iunoni,
357 557 429 614 nulli
445 571 554 609 cessura
570 558 695 624 dearum,

92 630 137 677 An
154 626 207 678 dea
218 625 280 692 sim,
298 625 423 678 dubitor:
440 642 544 695 perque
561 626 655 679 omnia
672 625 782 679 saecula
799 625 880 684 cultis

92 699 216 760 Arceor,
234 711 251 747 o
268 694 343 759 nati,
355 693 411 746 nisi
427 711 475 746 vos
493 694 667 761 succurritis,
684 696 747 751 aris.

91 765 152 816 Nec
170 762 253 815 dolor
269 763 315 815 hic
333 762 421 815 solus:
440 762 500 815 diro
519 764 644 816 convicia
659 764 735 817 facto

90 831 218 885 Tantalis
235 831 350 884 adiecit:
367 848 469 900 vosque
488 840 529 883 est
543 842 711 900 postponere
727 830 799 885 natis

91 906 167 952 Ausa
184 900 255 953 suis:
274 909 302 952 et
317 917 379 965 me,
399 900 474 969 quod
492 899 522 951 in
538 900 627 967 ipsam
643 901 762 964 recidat,
781 899 879 954 orbam

88 968 180 1035 Dixit,
199 977 227 1021 et
244 969 367 1022 exhibuit
383 968 510 1038 linguam
526 967 661 1021 scelerata
676 978 830 1037 paternam.
918 1015 920 1022 .

89 1038 244 1090 Adiectura
259 1054 356 1106 preces
370 1046 430 1088 erat
446 1036 488 1088 his
503 1039 611 1089 Latona
626 1037 734 1102 relatis3
764 1035 769 1050 ‘

15 1118 16 1123 ’
89 1106 206 1173 Desine,
222 1106 348 1159 Phoebus
365 1106 417 1171 ait,
434 1122 541 1174 poenae
557 1123 637 1158 mora
654 1106 753 1176 longa,
772 1104 908 1176 querelas.

90 1175 165 1227 Dixit
181 1175 257 1227 idem
274 1174 399 1227 Phoebe:
417 1174 558 1243 celerique
595 1193 626 1226 er
642 1178 708 1227 aiira
723 1174 804 1243 lapsu

91 1243 274 1313 Contigerant
286 1243 355 1296 tecti
372 1242 521 1303 Cadmeida
537 1193 655 1296 nubibus
673 1260 776 1299 arcem.

89 1312 191 1364 Planus
210 1320 269 1364 erat
284 1311 397 1381 lateque
414 1320 509 1379 patens
528 1327 615 1381 prope
632 1312 744 1364 moenia
760 1323 883 1381 campus,

90 1379 211 1433 Assiduis
228 1378 353 1449 pulsatus
370 1379 460 1449 equis3
478 1379 526 1434 ubi
542 1381 625 1434 turba
641 1390 776 1446 rotarum,

26 1459 29 1468 ¹
89 1451 223 1528 Duraque
239 1448 402 1502 mollierunt
416 1448 554 1501 subiectas
571 1449 675 1529 ungula
690 1448 793 1519 glebas.

89 1520 157 1570 Pars
173 1518 215 1569 rbi
232 1516 266 1569 de
286 1526 392 1585 septem
408 1516 508 1587 genitis
523 1518 678 1586 Amphione
696 1519 783 1570 fortes

90 1577 286 1638 conscendunt
302 1585 332 1637 in
350 1602 453 1655 equos,
469 1586 607 1655 Tyrioque
623 1587 752 1639 rubentia
769 1586 836 1639 fuco

88 1656 182 1725 Terga
193 1663 339 1723 premunt,
357 1669 482 1723 auroque
501 1671 598 1723 graves
614 1654 795 1707 moderantur
809 1654 939 1708 habenas.

89 1726 111 1776 E
130 1723 230 1793 quibus
246 1727 384 1788 Ismenos,
448 1722 555 1776 'matri
570 1722 678 1775 sarcina
696 1723 836 1793 quondam

88 1792 185 1845 Prima
200 1808 265 1844 suae
282 1791 392 1856 fuerat,
429 1808 477 1842 um
495 1800 603 1843 certum
619 1792 709 1844 flectit
724 1791 753 1843 in
772 1792 870 1846 orbem

90 1860 289 1927 Quadrupedes
306 1876 418 1922 cursus,
436 1860 647 1929 spumantiaque
665 1877 714 1911 ora
731 1862 861 1924 coircet,
939 1901 943 1908 .

89 1929 142 1981 Hei
159 1928 242 1981 mihi!
261 1927 432 1992 conclamat;
449 1928 598 1996 medioque
614 1928 644 1978 in
660 1937 774 1995 pectora
791 1930 862 1981 fixus

88 1997 157 2050 'Pela
174 1997 260 2067 gerit,
278 1996 420 2065 frenisque
437 2013 523 2048 mauu
538 1994 677 2048 moriente
693 1995 813 2050 remissis

87 2070 121 2119 In
137 2065 210 2117 latus
228 2081 246 2117 a
262 2064 358 2117 dextro
375 2064 524 2133 paullatim
541 2063 639 2116 defluit
656 2081 742 2119 armo.

86 2134 245 2199 Proximus,
261 2134 356 2185 audito
373 2133 465 2185 sonitu
481 2149 532 2200 per
548 2133 630 2185 inane
646 2134 803 2203 pharetrae,

87 2205 179 2256 Frena
196 2201 280 2254 dabat
299 2200 422 2269 sipylus:
440 2200 527 2253 veluti
543 2218 609 2254 cum
625 2201 762 2270 praescius
779 2200 877 2264 imbris

87 2272 169 2326 Nube
185 2271 259 2341 fugit
275 2270 347 2337 visa,
365 2267 570 2340 pendentiaque
585 2270 709 2342 undique
725 2279 821 2325 rector

88 2341 208 2394 Carbasa
224 2338 349 2402 deducit,
366 2354 402 2390 ae
418 2338 556 2407 qualevis
574 2341 670 2392 effluat
687 2356 764 2395 aura.

87 2412 178 2463 Frena
195 2408 294 2459 dabat:
312 2405 424 2459 dantem
441 2424 499 2459 non
517 2408 644 2461 evitabile
660 2409 749 2462 telum

88 2476 285 2547 Consequitur:
303 2492 465 2544 summaque
482 2484 604 2529 tremens
621 2477 729 2529 cervice
746 2477 847 2548 sagitta

87 2547 199 2612 Haesit,
217 2553 246 2597 et
263 2544 387 2596 exstabat
402 2544 509 2597 nudum
526 2544 560 2597 de
577 2554 689 2615 gutture
706 2545 823 2602 ferrum.

89 2615 156 2682 llle,
172 2624 205 2667 ut
223 2622 285 2666 erat
301 2630 420 2681 pronus,
457 2628 489 2686 er
505 2613 577 2665 colla
594 2613 713 2668 admissa
729 2614 862 2685 iubasque

87 2684 232 2751 Volvitur,
252 2691 281 2736 et
296 2682 386 2734 calido
397 2630 528 2734 tellurem
545 2684 676 2761 sanguine
692 2682 799 2738 foedat.

87 2753 253 2805 Phaedimus
269 2750 379 2816 infelix,
403 2759 431 2804 et
447 2750 512 2802 aviti
528 2750 648 2808 nammis
664 2750 746 2806 heres

87 2821 235 2888 Tantalus,
252 2828 285 2871 ut
301 2820 383 2882 solito
400 2820 485 2872 finem
501 2819 658 2888 imposuere
667 2817 772 2888 labori,

87 2889 267 2944 Transierant
283 2888 319 2939 ad
336 2905 404 2957 opus
421 2888 525 2941 nitidae
541 2888 662 2941 iuvenile
679 2888 845 2959 palaestrae:

86 2960 195 3012 Etiam
213 2958 390 3010 contulerant
406 2966 483 3010 arcto
500 2957 633 3010 luctantia
653 2975 726 3011 nexu

86 3030 207 3081 Pectora
222 3026 398 3096 pectoribus;
417 3044 481 3079 cum
497 3036 574 3079 tento
593 3028 702 3079 concita
718 3043 817 3094 cornu,

85 3097 165 3150 Sicut
183 3105 263 3148 arant
275 3095 378 3162 iuncti,
395 3096 505 3148 traiecit
520 3105 672 3167 utrumque
689 3096 797 3166 sagitta.

14 3196 17 3205 ·
84 3168 252 3235 Ingemuere
270 3163 368 3227 simun
389 3164 471 3217 simul
487 3165 632 3220 incurvata
649 3165 746 3218 dolore

84 3234 214 3286 Membra
231 3232 289 3285 solo
306 3250 438 3302 posuere3
461 3233 544 3286 simul
559 3251 688 3302 suprema
704 3234 825 3286 iacentes

84 3302 206 3357 Lmnina
222 3311 381 3369 versuum,
398 3302 522 3358 animam
538 3302 622 3358 simul
638 3301 834 3421 exhalarunp.2
