2350 3834
132 213 177 280 64
384 221 436 273 .Ρ.
456 217 604 274 OVIDII
623 218 818 276 NASONIS

201 362 299 436 Diligis
311 362 385 418 hene
397 381 499 418 amm:
516 373 614 418 necte
626 364 805 434 Clymeneve,
823 364 979 434 Rhodowe,

132 436 184 493 205
202 437 261 487 Nec
272 442 350 486 tenet
360 441 468 488 Aeaeae
480 434 599 506 genitrix
611 434 897 503 pulcerrimaCirces,

202 507 334 573 Quaeque
345 512 410 556 tuos
426 504 526 573 Clytie,
545 504 671 574 quamvis
690 504 837 573 despecta,
855 504 972 573 petebat

202 574 386 641 Concubitus,
398 574 514 643 ipsoque
528 573 577 627 illo
592 590 677 644 gram
691 572 791 625 vulnus
805 573 928 631 hahebat

200 643 349 710 Tempore.
382 643 541 699 Leucothee
558 643 715 697 multarum
731 642 834 693 oblivia
846 643 926 709 fecit,

203 712 298 762 Gentis
314 710 473 764 odoriferae
488 729 574 781 quom
586 712 788 763 formosissima
799 721 884 780 partu

132 782 186 837 210
200 779 294 830 Edidit
306 781 479 848 Eurynome3
499 781 547 833 sad
564 790 711 850 postquam
723 781 784 832 filia
799 781 897 844 crevit,

203 851 293 911 Quem
303 857 396 901 mater
409 860 540 916 cunctas,
559 860 618 901 tem
634 860 755 902 matrem
767 850 829 902 filia
840 850 916 902 vicit.

200 918 281 970 Rexit
292 919 492 975 Achaemenias
503 920 587 973 urbes
600 928 681 988 pater
692 920 859 971 Orchamus:
876 919 957 988 isque

201 988 340 1056 Septimus
358 1005 375 1041 e
391 989 477 1058 prisci
492 998 659 1041 numeratur
676 990 784 1059 origine
801 988 868 1040 Beli.
942 987 948 992 “

201 1060 258 1108 Axe
273 1056 324 1108 sub
341 1059 475 1127 Hesperio
492 1066 557 1110 sunt
573 1074 679 1126 pascua
696 1057 765 1121 Solis
783 1074 935 1126 equornmr
1060 1082 1063 1087 ·
1110 1122 1112 1125 v

132 1127 184 1183 215
199 1126 375 1178 Ambrosiam
392 1144 444 1196 pro
461 1127 591 1196 gramine
608 1127 721 1181 hebent.
755 1131 793 1178 Ea
809 1128 883 1178 fessa
898 1124 1006 1178 diurnis

201 1195 329 1247 Membra
345 1196 504 1248 ministeriis
520 1197 626 1262 nutrit,
642 1204 809 1266 reparatque
827 1196 926 1248 labori.

200 1266 331 1334 Dumque
348 1265 388 1317 ibi
406 1265 601 1334 quadrupedes
618 1264 751 1317 coelestia
768 1265 873 1332 pabula
890 1272 1022 1332 carpunt,

201 1335 317 1402 Noxque
333 1334 425 1386 vicem
441 1334 564 1405 perugit3
582 1333 722 1386 thalamos
738 1332 806 1386 deus
819 1334 906 1386 intrat
921 1338 1039 1400 muetos,

201 1404 302 1453 Versus
320 1403 349 1454 in
368 1407 539 1471 Eurynomes
555 1404 659 1455 faeiem
676 1404 833 1524 qenitricis:
852 1412 881 1455 et
895 1403 973 1457 inter

132 1474 185 1528 220
201 1472 245 1523 Bis
262 1483 308 1523 sex
325 1473 502 1539 Leucotheen
519 1472 641 1524 famulas
658 1490 674 1524 a
711 1473 809 1525 limine
826 1472 920 1525 cernit

200 1540 285 1592 Levia
301 1550 412 1593 versato
430 1540 582 1594 ducentem
598 1543 718 1593 stamine
734 1542 807 1594 fuso.

200 1612 273 1680 Ergo
290 1610 354 1677 uhi,
372 1627 425 1663 ceu
441 1620 546 1677 meter,
566 1628 649 1663 cerae
666 1610 745 1662 dedit
761 1610 858 1663 oscula
873 1618 971 1678 natee3

202 1681 272 1746 Res,
290 1679 346 1745 eit,
363 1696 467 1732 arcana
479 1688 535 1732 est:
553 1680 694 1746 famulae,
712 1679 859 1733 discedite:
877 1696 949 1734 nere

200 1748 305 1817 Eripite
318 1748 466 1802 arbitrium
478 1750 580 1818 matri,
599 1758 708 1802 secreta
717 1749 856 1819 loquenti.

70 1870 74 1889 Ι
132 1817 184 1874 225
200 1819 369 1870 Paruerent:
387 1818 583 1889 thalamoque,
600 1817 686 1885 deus,
701 1819 762 1873 sine
775 1827 848 1871 teste
858 1817 972 1884 relicto,

200 1887 251 1939 Ille
263 1897 316 1957 ego
329 1904 406 1953 sum,
425 1888 510 1955 dixit,
527 1888 577 1958 qui
588 1888 708 1958 longum
720 1889 825 1940 metior
837 1904 953 1957 annum,

203 1956 302 2010 Omnia
318 1958 367 2026 qui
379 1954 477 2022 video‘,
494 1974 546 2026 pes
564 1974 650 2027 quem
663 1956 739 2010 videt
753 1957 850 2009 munia
861 1957 966 2024 tellus„
1025 1999 1030 2012 ,

201 2025 300 2077 Mundi
309 2026 416 2079 oculus.
443 2027 520 2090 Mihi,
538 2026 632 2091 crede,
648 2026 752 2107 places.
779 2029 865 2079 Petet
876 2026 940 2080 ille:
956 2033 1101 2100 metuque

202 2096 236 2146 Et
253 2093 345 2161 colus,
364 2105 392 2159 et
404 2096 482 2157 fusus
497 2095 591 2165 digitis
603 2095 732 2147 cecidere
743 2095 876 2150 remissis.
1007 2101 1009 2106 '

132 2162 186 2220 230
202 2167 263 2232 Ipse
274 2163 362 2217 timor
375 2165 478 2217 decuit.
493 2227 495 2232 Ι
513 2167 573 2217 Nec
588 2164 700 2234 longius
713 2163 763 2216 ille
776 2173 913 2233 moratus,

202 2236 235 2285 In
247 2248 344 2285 veram
353 2234 438 2286 'rediit
450 2232 570 2299 faeiem,
587 2232 759 2302 solitumque
774 2234 908 2290 nitorem.

201 2306 238 2354 At
248 2301 343 2373 virgo,
362 2303 488 2373 qrmmris
500 2302 616 2370 inopino
626 2301 726 2355 territa
739 2302 808 2368 visa

202 2371 286 2425 Victa
295 2373 387 2425 nitore
402 2372 464 2437 dei,
480 2372 571 2440 posita
580 2372 639 2423 vim
650 2388 732 2439 passa
742 2372 859 2441 querela
869 2380 921 2426 est.

203 2440 304 2492 Invidit
317 2442 419 2510 Clytie,
436 2440 618 2511 nequeenim
631 2440 794 2493 moderatus
809 2441 838 2493 in
852 2441 903 2506 illa

129 2508 185 2565 235
202 2509 272 2562 Solis
283 2527 364 2563 amor
376 2511 485 2575 fueret,
503 2508 824 2580 stimrdataque'pellicis
840 2510 884 2564 ira

202 2579 306 2650 Vulgat
317 2579 502 2637 adulterium:
521 2578 752 2649 diffamatumque
765 2579 877 2650 parenti

202 2648 320 2703 Iudicat.
352 2649 404 2702 Ille
417 2649 499 2702 ferox
511 2650 768 2718 immsmaaetusque
781 2655 956 2718 precantem,

202 2718 243 2769 Te
257 2717 427 2789 dentemque
440 2735 539 2771 manus
551 2718 587 2770 od
598 2718 706 2771 lumine
717 2717 802 2786 Solis,
820 2726 862 2785 et,
878 2716 929 2770 Ille

204 2786 269 2838 Vim
281 2788 347 2839 tulit
360 2788 478 2855 inritae,
498 2787 656 2855 dicentem,
675 2787 784 2840 defodit
797 2786 856 2839 elta

133 2852 188 2910 240
205 2855 311 2908 crudus
324 2856 427 2911 humo:
443 2856 641 2926 tumulumque
654 2873 738 2925 super
748 2857 839 2927 gravit
852 2854 930 2908 addit
945 2872 1061 2912 uenae.

202 2924 325 2994 Dissipat
335 2925 411 2978 hunc
424 2926 509 2979 radiis
524 2926 682 2994 Hyperione
694 2934 790 2978 neten:
808 2925 918 2994 iterque

203 2995 258 3046 Dat
269 2993 336 3061 tihi,
354 3012 411 3065 quo
422 2996 511 3064 possis
527 2994 652 3047 defossos
665 3011 797 3064 promere
807 2994 910 3046 vultus.

204 3065 264 3115 Neo
275 3073 307 3116 tu
319 3064 378 3116 iam
391 3073 503 3133 poteras
515 3073 649 3118 enectum
660 3063 785 3132 pondere
798 3072 892 3116 terrae

204 3133 333 3199 Tollere,
349 3133 494 3204 Nympha,
512 3143 614 3203 caput:
632 3150 789 3202 corpusque
801 3149 940 3204 exsangue
953 3132 1081 3191 incana.

135 3197 187 3257 245
204 3201 251 3253 Nil
259 3200 312 3271 ¹illo
323 3203 417 3259 fertur
427 3203 575 3257 volucrum
587 3202 750 3255 moderator
762 3212 901 3272 equorum

205 3273 270 3323 Post
282 3271 485 3325 Phaethonteos
497 3273 598 3325 vidisse
616 3272 752 3324 dolentius
765 3272 852 3341 ignes.

103 3353 106 3361 ¹
204 3338 256 3392 Ille
268 3341 382 3413 quidem
395 3341 503 3413 gelidos
514 3341 659 3396 radiorum
673 3339 778 3396 viribus
791 3348 877 3407 anus,
912 3384 915 3393 r
