2350 3834
257 211 705 269 METAMORPHOSEON
724 213 807 269 LIB.
828 213 904 269 VIII.
998 212 1058 279 151

98 356 231 429 Quisquis
245 372 292 422 ee,
310 358 451 430 ignoscas;
468 349 497 410 in
513 356 621 410 nullam
631 356 739 411 Iumina
748 366 860 429 partem

99 430 224 499 Gurgite
232 428 268 479 ab
281 427 338 480 hoe
350 428 433 493 flexi,
451 428 599 497 studioque
612 437 742 498 operatua
753 428 869 483 inhaesi.
1007 431 1059 488 865

97 501 219 569 Quoque
233 496 326 549 minue
338 497 461 563 dubites,
479 497 519 549 sic
531 497 582 549 hae
596 496 663 549 deut
677 499 806 579 aequoris
819 507 894 553 artes

96 566 235 632 Adiuvet,
253 574 286 617 ut
297 584 382 619 nemo
397 566 561 618 iamdudum
573 566 670 618 littore
681 567 710 619 in
723 576 786 635 leto,

96 637 144 687 Me
155 643 253 687 tamon
267 644 397 704 excepto,
414 652 468 687 neo
479 635 588 687 femina
599 636 729 687 constitit
737 636 806 689 ulla.

96 704 238 771 Credidit,
255 714 284 756 et
295 722 376 757 vareo
389 704 518 757 dominus
550 705 602 756 eda
615 705 714 773 pressit
728 722 856 771 arenam

93 773 251 843 Elususque
265 774 341 827 abiit.
376 772 421 825 llli
433 790 484 825 sua
495 790 511 823 1
548 773 606 825 dita
616 773 711 826 forma
725 782 774 829 est.
925 785 930 795 ·
1005 774 1059 832 870

94 848 146 894 Ast
158 843 208 895 ubi
218 843 323 896 habere
335 860 416 895 suam
425 842 608 894 transformia
620 860 741 911 corpora
752 841 847 911 sentit,

93 916 184 981 Saepe
197 920 280 981 pater
294 912 414 965 dominis
427 911 578 980 'I'iiope'ida
590 908 695 964 vendit
728 916 763 963 At
775 912 826 964 illa

93 985 180 1035 Nunc
194 993 285 1051 equa,
297 999 374 1035 nuno
388 983 458 1047 ales,
475 980 565 1034 modo
576 982 640 1043 bos,
657 979 744 1034 modo
759 997 857 1036 cervos
871 979 981 1036 abiton

92 1051 308 1121 Praebebatque
317 1050 399 1102 avido
410 1067 469 1102 non
483 1049 556 1101 iusta
566 1050 700 1101 alimenta
712 1050 830 1118 parenti.

93 1120 143 1173 vis
152 1129 250 1172 tamen
262 1121 312 1172 illa
325 1119 393 1171 mali
405 1128 554 1189 postquam
568 1127 758 1173 consumserat
771 1135 886 1172 omnem
1004 1118 1056 1175 875

92 1188 258 1255 Materiam,
277 1185 448 1259 dederatque
463 1189 542 1257 gravi
556 1205 630 1242 nota
645 1188 748 1258 pabula
761 1189 877 1254 morbo;
944 1243 950 1248 ,

91 1262 158 1327 Ipse
169 1275 234 1311 suos
247 1268 324 1311 artui
335 1259 431 1311 lacero
444 1257 577 1310 divellere
587 1276 684 1311 morsu

93 1329 151 1380 Coe
172 1327 210 1393 it,
229 1337 257 1381 et
272 1328 371 1380 infelix
383 1326 535 1380 minuendo
549 1345 649 1397 corpus
662 1328 762 1381 alebat.

92 1345 170 1460 Quig
183 1413 281 1449 moror
294 1398 431 1450 externis?
449 1397 535 1449 etiam
549 1398 618 1449 mihi
629 1414 712 1468 saepe
723 1395 846 1458 notandi

90 1466 241 1534 Corporis,
260 1483 277 1518 o
291 1467 419 1531 iuvenes,
436 1483 555 1520 numero
568 1467 649 1520 finita
661 1475 793 1537 potestas.
1001 1465 1054 1521 880

89 1537 167 1589 Nam
183 1535 285 1604 modo,
303 1536 380 1607 quod
395 1553 472 1590 nuno
488 1552 566 1604 eum,
583 1536 696 1590 videor:
712 1536 798 1596 modo
814 1536 917 1590 flector
935 1531 966 1588 in

407 1635 416 1646 ·
714 1623 848 1678 onguomt

88 1671 221 1726 Armenti
235 1673 320 1727 modo
332 1674 387 1727 dux
398 1675 473 1729 vireo
486 1674 517 1727 in
531 1692 639 1728 cornua
648 1692 744 1728 sumo:
849 1728 853 1733 .

90 1744 221 1811 Cornua,
241 1742 311 1796 dum
321 1746 417 1814 potui:
432 1762 508 1798 nuno
521 1760 585 1813 para
605 1753 683 1797 caret
698 1744 790 1804 altera
803 1744 861 1799 telo

25 1819 27 1838 ’
87 1812 219 1880 Frontis,
236 1821 270 1868 ut
281 1813 339 1884 ipse
351 1814 437 1870 vides.
472 1813 599 1867 Gemino
612 1821 678 1867 sunt
689 1814 776 1868 verba
788 1814 885 1871 eeoutii
977 1817 983 1828 '
