2350 3834
93 224 164 295 sao
362 225 395 281 e.
415 224 569 283 6666
587 224 796 317 nuscum

97 376 150 434 600
166 377 259 430 Nemo
272 373 344 428 nassei
355 381 406 427 ert.
440 374 496 427 Ver
508 374 579 427 urhe
590 373 682 429 virum
694 370 856 459 pretabere,
874 371 1016 447 Quiritem

166 446 233 513 Vel,
252 443 275 497 si
287 445 385 515 dignus
399 442 468 509 erit,
483 445 614 515 gravibus
626 445 730 497 vincrte
744 445 866 499 eatenis:

165 520 220 569 Aut
232 515 313 566 finite
328 521 437 579 metum
448 514 542 565 fatalis
553 523 647 566 morte
661 515 783 594 tyranni.
905 582 907 586 ι

170 584 270 647 Qualia
282 580 446 650 succinctis,
462 584 513 647 ubi
525 593 591 636 trux
602 583 726 639 insibilat
738 588 836 653 Eurus,
972 645 977 658 1

167 656 314 706 Murmure
343 652 426 704 inetis
440 653 525 718 iiunt;
543 662 593 705 aut
603 653 697 723 qualia
709 655 812 706 fluctus

101 721 153 778 605
169 722 308 792 Aequorei
322 670 444 787 1166666,
462 722 485 774 si
539 720 559 774 ‘s
573 723 675 792 procul
690 724 785 775 audiat
799 723 877 788 illos3

169 791 238 844 Tele
250 799 331 843 sonat
340 791 468 861 populus.
571 808 623 862 per
638 793 755 845 confusa
769 791 916 846 frementis

170 862 262 913 Verba
274 870 369 913 tamen
383 861 460 932 vulgi
472 878 526 913 vox
541 864 647 915 eminet
657 875 727 930 une,
745 863 813 926 Quis
825 861 896 914 illel

171 933 206 983 Et
219 939 345 1000 spectant
357 929 481 998 homes,
498 931 698 1001 praedictaque
713 948 820 984 cornua
837 938 987 1013 quaennrt.
1053 942 1058 946 '

173 1003 275 1053 Rursus
290 999 326 1052 ad
338 999 391 1051 hos
406 1000 502 1070 Cipus,
522 1004 613 1064 Quem
626 1001 755 1069 poscitis,
771 1001 879 1071 inqut,
897 1000 1032 1055 hebetus

104 1067 156 1123 610
172 1073 206 1122 Et
221 1069 316 1121 demta
328 1069 430 1138 capiti,
447 1069 552 1140 populo
566 1069 754 1139 prohibente,
766 1086 882 1138 corona,

172 1137 304 1192 Exhibuit
316 1139 429 1209 gemino
442 1139 600 1211 praesignia
609 1149 739 1209 tempora
752 1156 849 1193 cornu.

113 1236 120 1244 ·
173 1208 315 1261 Demisere
330 1208 426 1260 oculos
440 1224 551 1274 omnes,
563 1209 759 1279 gemitumque
770 1209 882 1276 dedere,

173 1282 265 1346 Atque
277 1276 349 1328 illud
362 1277 469 1330 meritis
480 1278 603 1341 clarum,
621 1279 682 1348 quis
695 1278 810 1331 credere
822 1276 929 1353 possit?

176 1346 258 1399 Inviti
269 1346 363 1400 videre
379 1356 477 1414 caput:
496 1364 549 1399 uec
562 1347 669 1400 honore
685 1364 781 1400 carere

108 1413 160 1471 615
177 1415 297 1468 Ulterius
308 1416 395 1484 pessi,
412 1416 515 1468 festam
527 1415 686 1484 imposuere
699 1434 842 1470 eoronam.
879 1410 887 1425 ’

177 1490 212 1538 At
225 1499 369 1552 proceres,
383 1485 516 1567 quonium
526 1502 622 1537 muros
636 1487 741 1539 intrare
753 1487 867 1554 vereris,

178 1553 259 1607 Ruris
272 1554 403 1607 honoram
416 1563 527 1606 tanturn
544 1554 613 1621 tibi,
631 1556 659 1606 Gi
681 1571 711 1621 e,
730 1555 842 1624 dedere,

180 1627 322 1687 Quantum
336 1622 466 1693 depresso
481 1623 642 1676 subiectieb
681 1642 714 1676 us
729 1634 825 1678 aratro

181 1693 335 1760 Complecti
347 1710 441 1761 posses
454 1693 489 1747 ad
501 1694 589 1746 finem
600 1693 670 1746 Solis
687 1695 723 1746 eb
739 1704 819 1758 ortu‚·
857 1726 859 1733 π

112 1757 165 1814 610
182 1764 345 1832 Cornuaque
358 1762 473 1829 aeratis,
489 1764 592 1817 mirem
603 1764 757 1816 referentia
767 1764 900 1829 formam,

179 1830 303 1884 Postibus
316 1832 492 1901 insculpunt,
510 1832 628 1904 longum
642 1849 774 1885 mansura
786 1850 838 1903 per
850 1847 961 1885 aevum.

214 1900 329 1953 Pandite
344 1919 433 1968 nunc,
451 1905 559 1968 Musae,
578 1903 734 1971 praesentia
748 1902 865 1955 nurnine
877 1911 985 1970 ratum,

110 1970 126 2039 '¹
182 1969 263 2022 Scitis
275 1970 364 2037 enim,
380 1988 437 2022 nec
446 1988 495 2023 vos
507 1971 584 2023 fallit
596 1972 716 2040 spetiosa
727 1981 857 2038 vetustas,

182 2038 262 2091 Unde
278 2040 432 2093 Coroniden
445 2038 611 2093 circumflua
622 2040 769 2108 Thybridis
783 2041 864 2095 alveo

114 2102 167 2161 625
183 2107 276 2160 Insula
290 2109 537 2166 Romuleae'sacn's
549 2108 697 2175 adsciverit
709 2110 794 2164 urbis.

184 2177 252 2228 Dira
263 2177 322 2230 lues
336 2178 477 2248 quondum
491 2180 583 2232 Latius
596 2179 745 2232 vitiaverat
757 2196 849 2246 aures,

184 2247 343 2316 Pallideque
357 2249 487 2319 exsangui
504 2248 669 2319 squalebant
682 2264 803 2318 corpora
812 2250 889 2302 tabo.

185 2316 337 2368 Funeribus
353 2317 419 2369 Ies'si
427 2326 576 2388 postquam
588 2318 720 2370 mortalia
733 2327 853 2370 cernunt

156 2426 159 2430 .
186 2387 371 2439 Tentamenta
383 2387 467 2453 nihil,
485 2387 556 2455 nihil
568 2395 642 2440 artes
655 2404 736 2455 posse
748 2388 926 2450 medentum

118 2449 172 2507 630
186 2456 325 2508 Auxilium
336 2455 459 2509 coeleste
491 2466 583 2510 etuntr
601 2457 779 2527 mediamque
794 2464 923 2509 tenentes

188 2525 267 2577 Orbis
279 2525 397 2579 humum
409 2527 478 2595 Delp
500 2543 529 2579 os
540 2527 658 2593 adeunt,
673 2527 786 2578 oracula
796 2526 910 2593 Phoebi,

187 2596 278 2664 thue
294 2595 438 2648 salutifere
450 2595 558 2647 miseris
571 2612 736 2649 succimere
750 2597 834 2649 rebus

188 2665 268 2716 Sorte
280 2664 362 2733 velit,
372 2674 521 2735 tantaeque
533 2665 611 2718 urbis
621 2664 697 2718 mula
709 2666 803 2731 finiat,
818 2670 910 2718 orant.

128 2780 131 2787 ,
190 2734 224 2784 Et
237 2732 330 2799 loeus,
349 2745 378 2787 et
391 2735 500 2801 laurus,
519 2743 560 2799 et,
580 2750 648 2804 quas
662 2735 747 2787 hebet
761 2735 823 2799 illa,
840 2733 1004 2802 pharetrae,

121 2794 173 2856 635
189 2804 362 2856 Intremuere
375 2803 471 2857 simul:
491 2804 658 2875 cortinaque
668 2804 791 2856 reddidit
802 2805 861 2855 imo
924 2820 926 2823 ’

190 2872 268 2924 Hanc
281 2871 364 2940 adyto
379 2890 491 2939 vocem,
509 2873 712 2943 patefactaque
725 2882 842 2941 pectora
851 2872 951 2927 movit.

191 2939 272 3003 Quod
287 2942 358 3009 petis
371 2943 453 3008 hinc,
470 2943 605 3024 propiore
616 2944 696 3008 1666,
714 2946 853 3008 Romane,
870 2941 989 3011 petisses
995 2961 1006 3013 ς
1042 2990 1046 2995 .

112 3056 117 3065 ,
188 3011 224 3061 Et
238 3017 303 3090 pete
314 3027 388 3064 nunc
401 3026 534 3080 propiore
545 3013 626 3065 loco:
643 3028 695 3064 666
707 3012 834 3081 Apolline
845 3010 936 3078 vobis,

192 3080 245 3140 Qui
258 3079 365 3132 minuet
375 3081 481 3141 luctus,
500 3098 569 3150 opus
582 3091 638 3146 est,
652 3081 702 3134 sed
717 3081 843 3150 Apolline
855 3088 935 3134 neto.

122 3140 176 3201 610
192 3150 232 3199 Ite
246 3147 326 3200 bonis
336 3150 445 3216 aribus,
458 3149 626 3220 prolemque
635 3152 767 3204 arcessite
779 3159 914 3203 nostram.

191 3218 267 3267 Iussa
279 3216 324 3269 dei
335 3220 457 3287 prudens
469 3227 618 3289 postquem
628 3234 763 3288 accepere
776 3225 902 3284 Senatus,

192 3285 282 3345 Quam
295 3287 382 3356 colat,
402 3288 562 3358 explorant,
579 3288 686 3341 iuvenis
697 3290 851 3342 Phoebeius
863 3288 976 3358 urbem,

192 3353 300 3424 Quique
311 3365 409 3426 petant
419 3357 507 3412 ventis
518 3357 668 3428 Epidauritr
679 3359 776 3413 littore
788 3359 914 3415 mittunt.
