2350 3834
225 228 681 289 uertuoaruosaou
700 233 786 287 tra.
808 235 857 291 n.
923 186 927 193 ¹
951 224 1016 299 203'

61 383 123 434 Non
138 379 210 444 fera,
226 392 285 431 non
297 378 426 448 pecudea,
443 396 502 432 non
513 379 583 431 moti
595 379 712 431 flamine
724 378 805 447 rami,
964 387 1016 441 600

61 455 241 502 Humanaave
254 464 354 501 sonum
367 449 489 501 reddunt
503 449 629 502 convicia
641 449 762 520 linguae.

61 523 139 572 Muta
152 519 229 588 quies
239 518 356 571 habitat.
381 522 450 571 Saxo
461 528 556 571 tamen
572 519 629 570 exit
644 520 679 571 ab
693 519 751 571 imo

61 590 249 657 uivusaqnae
262 588 378 640 Lethes:
396 605 446 657 per
460 604 545 658 quem
559 605 625 640 cum
636 602 782 643 murmure
793 589 892 647 labens

62 658 166 710 Invitat
179 674 291 710 somnos
305 657 506 726 crepitantibus
518 658 593 709 unda
607 658 717 726 lapillis.

61 733 134 780 Ante
147 726 222 779 fores
235 727 310 778 antri
323 726 445 778 fecunda
457 744 597 796 papavera
609 727 724 794 florent,
773 726 775 731 ’

18 840 22 851 ,
62 801 283 866 Innumeraeque
297 797 415 848 herbae:
434 813 553 866 quarum
567 797 602 848 de
617 797 691 848 lacte
704 814 836 866 soporem
857 826 861 831 ·

63 869 127 919 Nora
138 866 216 936 legit,
236 874 264 917 et
276 866 383 935 'spargit
398 882 449 945 per
462 882 562 934 opacas
575 866 692 917 humida
702 874 801 922 terras.
829 861 832 866 ’

62 939 156 1001 Ianua,
171 950 247 1004 quae
262 951 342 986 verso
356 930 506 991 stridorem
520 935 635 987 cardine
646 934 754 1004 reddat,

60 1005 146 1056 Nulla
166 1004 249 1055 domo
261 1012 335 1065 tota3
355 1012 447 1055 custos
462 1005 491 1056 in
503 1004 605 1056 limine·
613 1004 715 1058 nullus.
785 1010 786 1013 ’

61 1080 96 1125 At
110 1074 203 1125 medio
219 1082 296 1123 torus
310 1080 359 1138 est,
378 1073 466 1124 ebeno
480 1074 605 1125 sublimis
616 1074 645 1124 in
660 1082 729 1140 atra,

62 1143 201 1208 Humana,
218 1141 357 1207 unicolor,
374 1141 453 1211 pullo
467 1142 608 1194 velamine
620 1151 727 1195 tectus:

63 1214 126 1276 Quo
140 1213 227 1264 cubat
237 1212 296 1279 ipse
314 1211 390 1279 deus,
406 1212 542 1269 memhris
554 1213 690 1282 languore
704 1212 809 1266 solutis.

62 1285 144 1333 Hunc
157 1281 234 1333 circa
244 1280 356 1349 passim,
373 1285 463 1333 varias
473 1282 614 1334 imitantia
627 1282 741 1348 formas,

63 1351 179 1402 Somnia
190 1367 260 1402 vana
271 1351 365 1402 iacent
376 1351 505 1415 totidem,
524 1360 593 1421 quot
605 1351 700 1403 messis
714 1351 820 1422 aristas,

62 1420 138 1473 Silva
151 1421 226 1501 gerit
237 1420 360 1485 frondes,
379 1420 481 1473 eiectas
494 1421 571 1473 littus
582 1438 689 1474 arenas.

62 1492 125 1554 Quo
138 1488 222 1540 simul
234 1489 356 1555 intravit,
372 1490 557 1560 manibusque
571 1491 709 1543 obstantia
720 1492 800 1564 virgo

63 1559 181 1611 Somnia
195 1558 328 1621 dimovit3
346 1558 554 1630 vestis'fulgore
564 1560 667 1612 reluxit

62 1633 150 1681 Sacra
170 1627 286 1679 domus:
302 1627 441 1698 tardaque
455 1629 521 1681 deus
530 1630 668 1710 gravitate
680 1629 808 1682 iacentes

61 1699 114 1750 Vix
128 1697 226 1750 oculos
236 1695 346 1759 tollens,
363 1697 522 1768 iterumque
536 1708 697 1769 uerumque
710 1700 841 1751 relabens

63 1771 236 1836 Summaque
248 1766 406 1835 percutiens
417 1769 529 1819 nutanti
544 1777 664 1837 pectora
678 1776 784 1836 mento,

61 1836 191 1889 Excussit
206 1835 320 1887 tandem
331 1835 383 1887 sibi
393 1852 436 1889 se:
456 1836 606 1919 cubitoque
618 1837 733 1901 levatus,

62 1906 139 1971 Quid
152 1905 254 1970 veniat,
272 1914 409 1975 cognorat
420 1906 504 1971 enim,
522 1915 647 1958 scitatur.
671 1906 782 1959 Atilia:

62 1980 178 2041 Somne,
198 1974 276 2043 quies
291 1991 396 2041 rerum,
414 1972 613 2044 placidissime,
632 1981 743 2043 Somne,
760 1975 887 2045 deorum,

61 2047 118 2097 Pax
136 2045 241 2108 animi‚.
251 2060 334 2113 quem
349 2060 417 2095 cura
428 2045 510 2116 fugit,
528 2045 576 2114 qui
591 2045 677 2097 corda
691 2044 797 2098 diurnis

62 2117 147 2167 Fessa
159 2112 321 2165 ministeriis
331 2113 448 2180 mulces,
465 2131 636 2184 reparasque
653 2114 760 2177 labori3

62 2183 189 2248 Somnia,
208 2198 369 2252 quaereres
380 2192 501 2253 aequent
513 2184 669 2237 imitamine
683 2184 800 2250 formas,

62 2253 206 2305 Herculea
214 2251 355 2303 Trachine
367 2251 442 2318 iube,
460 2253 511 2305 sub
522 2253 646 2325 imagine
654 2254 738 2325 regis,

19 2354 21 2363 ι
62 2323 229 2390 Halcyonen
243 2320 353 2389 adeant,
374 2321 580 2393 simulacraque
592 2323 731 2394 naufraga
743 2323 861 2394 fingant.

61 2396 189 2462 Imperat
202 2390 258 2449 hoc
270 2394 348 2442 Iuno.
371 2393 520 2462 Postquam
535 2394 669 2445 mandata
682 2393 793 2463 peregit
845 2456 849 2465 ¹

61 2462 125 2528 Iris,
145 2460 221 2512 abit:
239 2475 275 2513 ne
316 2474 331 2510 e
345 2460 419 2512 enim
434 2462 550 2513 ulterius
557 2458 681 2517 tolerare
693 2461 805 2530 vaporis

62 2532 129 2582 Vim
142 2537 284 2610 poterat3-
299 2527 401 2599 abique
413 2538 447 2581 ut
458 2535 594 2583 Somnum
607 2532 691 2589 sensit
702 2530 733 2581 in
746 2538 831 2596 anus,

61 2601 180 2670 Effugit,
199 2607 228 2650 at
243 2606 351 2650 remeat
361 2615 413 2667 per
428 2616 497 2668 quos
511 2600 597 2652 modo
614 2604 729 2653 venerat
741 2615 831 2652 mous.

97 2675 136 2721 At
149 2676 231 2737 pater
244 2668 373 2736 epopqu
387 2676 519 2720 natorum
532 2670 611 2721 mille
623 2685 739 2721 suorum

61 2739 176 2791 Excitat
187 2736 334 2801 artificem,
350 2736 599 2808 simulatoremque
608 2739 715 2810 figurae

60 2807 211 2876 Morphea.
234 2808 297 2858 Non
309 2805 358 2857 illo
373 2806 461 2858 iussos
474 2807 614 2860 sollertius
630 2808 701 2861 alter
751 2806 754 2811 ’

60 2876 205 2945 Exprimit
217 2875 347 2941 incessus,
365 2875 529 2946 vultumque
542 2890 698 2947 sonumque
712 2876 855 2949 loquendi,

60 2945 169 2999 Adiicit
182 2953 210 2997 et
226 2952 323 3011 vestes,
338 2952 366 2997 et
379 2946 587 2998 consuetissima
600 2948 702 3018 cuique

60 3016 168 3068 Verba.
194 3013 306 3066 sedhic
319 3014 392 3066 solos
406 3014 534 3068 homines
547 3016 691 3070 imitatur:
709 3023 738 3069 at
750 3014 822 3069 alter

61 3085 109 3136 Fit
120 3084 194 3149 fera,
208 3084 242 3135 fit
251 3082 381 3150 volucris,
398 3084 431 3136 fit
442 3086 490 3137 lon
511 3104 529 3138 o
541 3103 660 3154 corpore
670 3082 792 3157 serpe'ns.

60 3156 149 3206 Hunc
162 3153 260 3205 Icelon
274 3154 380 3223 Superi,
399 3103 518 3207 mortale
531 3156 692 3209 Phobetora
704 3157 804 3228 vulgus
970 3152 1022 3229 640
1059 3192 1062 3201 κ

61 3222 211 3275 Nominat.
237 3224 284 3274 Est
298 3224 383 3275 etiam
398 3222 522 3277 diversae
535 3226 635 3278 tertius
649 3229 715 3280 artis

61 3288 230 3345 Phantasos.
250 3290 303 3345 Ille
315 3292 344 3343 in
357 3293 651 3365 humum,saxumque,
666 3295 837 3375 nullamque,
843 3287 1019 3359 trabemque,

62 3363 205 3431 Quaeque
217 3369 320 3415 vacant
333 3362 435 3433 arrima,
452 3363 574 3418 feliciter
586 3366 684 3420 omnia
698 3371 806 3419 tranat.
