2350 3834
152 230 219 311 aod
280 252 285 265 ‘
364 226 368 233 ’
418 224 848 302 P.0'v1n11utsouts

154 397 207 452 6oe
223 396 304 447 Hunc
316 394 394 447 iubet
404 397 512 446 Aeneae
549 409 732 463 quaecunque
746 391 865 445 obnoxia
881 397 977 468 morti,

221 463 351 535 abluere,
370 471 398 515 et
411 465 498 515 tacito
515 433 625 514 deferre
640 462 690 513 sub
704 464 826 532 aequora
838 466 930 517 cursu.
944 474 945 479 ’

223 533 356 603 Corniger
370 533 527 605 exsequitur
542 531 655 584 Veneris
668 533 808 597 mandata,
825 532 947 605 suisque,

222 601 364 671 Quidquid
379 602 409 653 in
422 606 514 654 Aenea
525 601 620 654 fuerat
633 601 762 666 mortale,
780 618 865 670 repur
885 612 915 654 at
963 612 967 623 ¹

221 673 255 723 Et
270 673 406 742 respergit
422 673 508 742 aquis.
543 674 610 723 Pars
625 671 731 740 optima
744 670 846 722 restitit
857 620 909 726 illi.

152 737 204 797 605
221 743 382 792 Lustratum
394 742 520 812 genetrix
535 740 628 793 divino
644 757 745 809 corpus
761 739 848 792 odore

221 810 314 876 Unxit,
334 819 362 862 et
374 811 515 877 ambrosia
528 828 594 863 cum
611 809 687 861 dulci
699 819 814 860 nectare
827 810 909 860 mista

222 879 346 950 Contigit
359 897 398 947 os,
417 881 541 950 fecitque
557 880 655 941 deum3
675 896 759 949 quem
774 879 857 931 turba
873 876 983 942 Quirini

219 950 368 1018 Nuncupat
379 950 542 1021 Indigetem,
559 950 722 1018 temploque
734 948 843 1018 arisque
854 950 969 1018 recepit.

254 1019 323 1070 Inde
337 1020 387 1071 sub
399 1020 512 1071 Ascanii
525 1018 630 1071 ditione
643 1018 793 1069 binominis
804 1017 874 1070 Alba

150 1085 204 1143 610
219 1089 328 1158 Resque
342 1088 441 1140 Latina
452 1086 520 1154 fuit;
538 1080 664 1150 s'uccedit
678 1087 777 1139 Silvius
793 1086 834 1138 illi
846 1105 854 1150 3

142 1192 144 1205 .
220 1159 281 1220 Quo
296 1166 371 1209 satus
386 1159 500 1228 antiquo
513 1158 605 1210 tenuit
617 1157 737 1226 repetita
751 1155 864 1208 Latinus

219 1226 340 1279 Nomina
354 1245 419 1279 cum
433 1237 559 1297 sceptro:
579 1227 687 1279 clarum
703 1227 777 1278 subit
791 1225 859 1276 Alba
873 1223 1013 1280 Latinum.
1087 1288 1091 1299 ι

217 1296 311 1364 Epitos
328 1296 431 1350 exilio.
466 1301 533 1349 Post
546 1297 621 1349 hunc
634 1299 814 1367 Capetusque,
834 1296 920 1363 Capys
960 1309 991 1361 e;

219 1365 273 1416 Sed
286 1367 372 1434 Capys
387 1376 451 1418 ante
465 1366 527 1420 fuit
562 1369 691 1437 Regnum
704 1365 850 1417 Tiberinus
866 1364 919 1416 ab'
947 1364 952 1374 '

78 1426 82 1443 ¹
149 1431 202 1487 615
221 1434 312 1502 Gepit;
331 1443 359 1486 et
370 1435 400 1486 in
418 1435 501 1488 Tusci
518 1436 659 1487 demersus
673 1435 797 1486 fluminis
811 1433 892 1486 undis

219 1502 340 1556 Nomina
351 1504 421 1556 fecit
433 1522 531 1575 aquae.
567 1508 608 1556 De
663 1521 679 1556 o
693 1503 889 1572 Remulusque,
907 1500 1042 1575 feroxque

219 1576 324 1624 Acrota
337 1583 401 1625 sunt
413 1574 508 1644 geniti.
544 1575 631 1625 Remu
644 1591 675 1625 us
688 1574 825 1625 maturior
838 1571 916 1625 annis

218 1641 363 1694 Fulmineo
375 1645 467 1712 periit,
485 1642 612 1695 imitator
625 1643 761 1710 fulminis,
779 1643 846 1696 ictu'.

218 1712 316 1763 Fratre
329 1730 378 1764 suo
396 1723 537 1783 sceptrum
549 1713 722 1765 moderatior
736 1717 839 1764 Acrota
852 1709 923 1763 forti

149 1778 202 1834 620
217 1780 315 1832 Tradit
324 1784 475 1835 Aventino:
495 1785 551 1854 qui,
569 1801 624 1864 quo
635 1791 776 1853 regnarat,
796 1779 896 1832 eodem

217 1851 312 1902 Monte
325 1849 400 1903 iacet
413 1852 529 1921 positus,
547 1853 701 1922 tribuitque
712 1848 849 1905 vocabula
862 1847 961 1902 monti.

215 1921 331 1989 Iamque
344 1921 485 1975 Palatinae
501 1939 640 1974 summam
649 1924 738 1973 Proca
751 1919 840 1991 gentis
851 1919 982 1975 habebat.

215 1989 292 2059 Rege
305 1989 355 2041 sub
369 1988 424 2042 hoc
436 1994 561 2044 Pomona
578 1991 648 2042 fuit:
668 2007 722 2060 qua
736 1988 813 2041 nulla
827 1989 938 2040 Latinas

146 2056 149 2067 ’
217 2059 293 2109 Inter
303 2061 510 2128 Hamadryadas
524 2061 613 2113 coluit
623 2059 761 2112 sollertius
773 2059 879 2126 hortos,

148 2124 200 2181 625
216 2128 275 2180 Nec
288 2122 342 2180 fuit
355 2130 466 2182 arborei
476 2130 626 2182 studiosior
640 2129 728 2181 altera
741 2128 849 2181 foetus:

212 2195 296 2248 ‘Unde
308 2206 385 2251 tenet
398 2216 510 2252 nomen.
545 2202 609 2251 Non
621 2199 702 2250 silvas
716 2197 774 2263 illa,
791 2214 845 2250 neo
854 2213 974 2264 amnes,

173 2278 176 2285 ⁴
215 2266 271 2317 Rus
287 2276 370 2333 amat,
390 2276 417 2320 et
429 2285 523 2320 ramos
537 2268 632 2321 felicia
664 2268 876 2320 oma‘ferentes.

215 2337 275 2388 Nec
287 2335 380 2391 iaculo
394 2339 485 2411 gravis
500 2347 548 2405 est,
563 2338 611 2390 sed
623 2285 732 2388 adunca
748 2337 861 2388 dextera
871 2333 962 2388 falce:

217 2407 279 2468 Qua
289 2405 374 2458 modo
387 2407 524 2460 lururiein
536 2408 649 2476 premit,
668 2415 696 2458 et
710 2406 859 2476 spatiantia
872 2404 982 2474 passim,

147 2469 201 2528 680
215 2474 332 2527 Brachia
346 2478 515 2545 compescit:
528 2477 594 2529 lissa
603 2475 689 2528 modo
703 2475 815 2527 cordice
831 2474 940 2546 virgam
1012 2486 1014 2491 “

130 2597 131 2600 ,
215 2544 324 2611 Inserit,
343 2553 371 2598 et
383 2552 480 2599 succos
496 2546 586 2599 alieno
600 2554 723 2616 praestat
738 2545 870 2596 alumno:

214 2615 273 2666 Nec
286 2613 391 2683 patitur
402 2617 504 2668 sentire
518 2616 601 2683 sitim,
618 2614 787 2684 bibulaeque
799 2628 931 2665 recurvas

145 2746 148 2755 Ι
216 2682 326 2736 Radicis
339 2683 423 2737 fibras
435 2685 592 2738 labentibus
606 2686 705 2754 irrigat
717 2683 806 2736 undis.

215 2751 267 2804 Hic
282 2770 371 2819 amor,
388 2754 442 2808 hoc
456 2756 594 2818 studium3
612 2753 726 2806 Veneris
739 2767 850 2822 quoque
862 2748 941 2802 nulla
955 2746 1067 2823 crrpido.
1087 2794 1091 2801 ,

146 2817 199 2876 035
216 2821 280 2873 vim
295 2831 389 2875 tamen
403 2834 544 2894 agrestum
558 2833 692 2883 metuens,
711 2822 839 2891 pomaria
851 2818 959 2873 claudit

213 2893 299 2957 lutus,
317 2901 345 2943 et
356 2908 481 2946 accessus
496 2895 635 2963 prohihet,
651 2890 812 2962 refugitque
825 2888 927 2944 viriles.

216 2959 290 3022 Quid
302 2977 358 3011 uon
373 2970 401 3012 et
412 2964 511 3032 Satyri,
530 2962 673 3016 saltatibus
688 2971 753 3031 apta
769 2961 907 3027 iuventus,
977 2964 981 2970 '

122 3032 125 3041 ’
201 3029 325 3093 -Fecere,
336 3037 372 3080 -et
384 3029 453 3098 pinu
465 3032 620 3101 praecincti
630 3049 735 3084 cornua
747 3030 843 3094 Panes,

214 3096 338 3148 Silvanus
360 3115 402 3163 ue,
421 3100 475 3152 suis
495 3117 607 3169 semper
618 3099 767 3153 iuvenilior
778 3096 866 3162 annis,

144 3161 200 3220 640
216 3164 325 3234 Quique
338 3115 405 3218 deus
418 3168 494 3221 fures
505 3170 548 3220 vel
566 3169 649 3236 falce,
666 3170 710 3229 vel
722 3169 835 3238 inguine
846 3172 945 3233 terret,

216 3236 252 3286 Ut
266 3245 431 3304 poterentur
446 3238 497 3289 ea?
516 3236 564 3291 sed
578 3239 653 3292 enim
667 3236 814 3308 superabat
826 3234 946 3287 amando
1029 3244 1033 3251 ¹

213 3305 271 3355 llos
282 3321 394 3373 quoque
408 3308 594 3360 Vertumnus:
611 3306 775 3378 neque'erat
789 3305 901 3371 felicior
911 3302 978 3372 illis.

214 3372 357 3442 Oquoties
372 3372 472 3428 habitu
484 3374 547 3429 duri
559 3374 798 3430 messorisaristas
869 3388 870 3393 ’
963 3403 965 3406 ·
1046 3384 1050 3391 ’
