2350 3834
153 198 213 262 118
417 196 448 251 P.
471 193 625 250 OVIDII
645 192 836 250 NASONIS

217 344 399 412 Membraque
409 340 559 394 luxuriant.
579 343 670 394 Aeson
686 339 814 405 miratur,
832 348 860 392 et
873 339 942 397 olim

218 417 289 476 Ante
304 421 403 482 quater
415 410 500 462 denos
510 410 586 464 hunc
598 426 626 461 se
639 409 826 463 reminiscitur
842 427 938 465 annos.

168 487 183 521 9
253 477 367 533 Viderat
381 497 413 532 ex
426 478 483 531 alto
497 478 568 531 tanti
577 479 717 532 miracula
727 477 846 531 monstri

150 551 201 607 295
217 550 315 614 Liber;
334 559 366 603 et
376 549 534 602 admonitus
547 549 659 600 iuvenes
671 547 823 601 nutricibus
836 564 923 602 annos

216 623 299 673 Posse
310 618 366 670 suis
379 617 476 683 reddi,
493 617 564 687 petit
573 617 629 671 hoc
644 616 759 670 Aeetida
772 634 882 670 munus.

220 733 221 736 ,
253 690 327 741 Neve
338 687 395 740 doli
411 697 531 748 cessent;
552 686 648 739 odium
664 704 730 739 cum
745 686 865 758 coniuge
878 685 982 739 falsum

218 757 329 810 Phasias
341 756 493 822 assimulat,
511 755 658 826 Peliaeque
671 753 707 808 ad
718 754 815 807 limina
826 757 942 825 supplex

133 847 136 852 ·
218 825 365 897 Confugit;
383 834 467 896 atque
478 824 566 892 illam,
585 825 720 895 quoniam
733 824 824 895 grands
836 825 895 893 ipse
910 831 1030 892 seneen,

150 896 203 950 300
219 896 283 947 Exci
304 895 363 946 iunt
375 904 466 948 natae.
518 912 567 948 uas
581 903 711 964 tempore
723 893 924 963 callideparvo
963 919 969 936 ι

219 914 327 1016 dolciis
344 964 483 1017 amicitiae
497 963 640 1017 mendacis
653 962 775 1034 imagine
791 962 875 1032 cepit.
982 969 984 972 '

217 1034 347 1103 Dumque
363 1034 461 1099 refert,
479 1033 554 1085 inter
566 1033 735 1086 meritorum
746 1032 878 1099 maxima,
896 1031 1023 1086 demtos.

218 1103 331 1155 Aesonis
346 1120 404 1166 esse
415 1103 492 1169 situs,
510 1111 595 1172 atque
607 1102 661 1154 hac
672 1093 702 1153 in
715 1110 796 1171 purte
809 1110 951 1169 moratum

219 1176 286 1241 Spes
300 1180 343 1224 est
356 1171 508 1242 virginibus
523 1170 600 1223 Pelia
610 1170 735 1223 subiecta
749 1170 859 1238 creatis,

150 1240 202 1295 305
218 1245 284 1293 Arte
295 1254 376 1293 suum
391 1240 475 1310 parili
489 1241 660 1293 revirescere
672 1257 753 1309 posse
765 1248 917 1308 parentem.

218 1313 277 1362 lam
318 1326 332 1361 e
345 1316 454 1378 petunt,
471 1309 649 1379 pretiumque
664 1309 760 1361 iubent
773 1308 831 1360 sine
845 1307 903 1362 fine*
913 1307 1029 1380 pacisci.
1094 1329 1098 1332 ·

218 1378 271 1431 Illa
305 1377 366 1430 reri
377 1377 467 1447 spatio
483 1377 554 1443 silet,
572 1386 601 1429 et
615 1376 742 1431 dubitare
753 1371 875 1430 videtur:

219 1447 421 1516 Suspenditque
435 1445 541 1498 animos
555 1446 623 1499 ficte
635 1446 773 1517 gravitate
785 1453 926 1517 rogantes.

164 1547 165 1550 =
217 1518 284 1568 Mox
295 1515 343 1567 ubi
378 1515 485 1569 ollicite
497 1522 546 1581 est,
564 1519 626 1579 Quo
640 1516 675 1568 sit
688 1514 793 1568 fiducia
804 1516 896 1568 maior

150 1584 204 1641 810
219 1584 341 1637 Muneris
355 1533 446 1648 iiuius,
464 1584 517 1649 ait;
534 1584 582 1654 qui
593 1593 697 1637 vestras
709 1584 845 1637 maximus
858 1601 926 1637 aevo
941 1591 982 1637 est

219 1656 280 1706 Dux
295 1654 388 1724 gregis
403 1653 561 1718 immores,
578 1671 666 1725 agnus
680 1654 866 1707 medicamine
879 1653 938 1707 fiet.

219 1722 346 1776 Protinus
358 1722 510 1774 innumeris
524 1723 640 1775 effoetus
654 1722 762 1793 laniger
775 1724 854 1775 annis

220 1791 384 1852 intrabitur,
401 1791 474 1845 flexo
489 1791 597 1844 circum
613 1809 682 1845 cova
692 1802 821 1861 tempora
834 1808 937 1846 cornus

157 1899 159 1906 .
178 1893 181 1898 -
220 1860 302 1913 Cuius
316 1868 348 1912 ut
359 1861 514 1914 Haemonia
522 1859 679 1913 marcentia
690 1869 803 1933 guttura
817 1860 909 1913 cultro

151 1927 203 1988 815
220 1928 310 1994 Fodit,
329 1939 357 1981 et
371 1929 470 2000 exiguo
483 1930 636 1982 maculavit
648 1948 782 2001 sanguine
795 1930 918 1990 ferrum;

221 1998 349 2051 Membra
361 1998 444 2051 simul
457 2000 581 2069 pecudis,
599 1998 759 2069 validosque
771 1999 896 2052 venefica
911 2012 1011 2051 succos

219 2069 320 2139 Mergit
330 2070 360 2119 in
374 2085 439 2120 aere
454 2085 530 2121 cavo.
556 2068 719 2120 Minuuntur
732 2068 857 2137 corporis
871 2076 964 2121 artus:

220 2139 384 2206 Cornuaque
397 2136 514 2203 exuitur,
531 2154 584 2189 nec
596 2155 656 2189 non
667 2154 732 2190 cum
746 2138 876 2190 cornibus
890 2153 991 2191 annos:

219 2208 253 2258 Et
267 2215 346 2258 tener
362 2205 474 2265 auditur
485 2206 578 2258 medio
594 2206 703 2258 balatus
722 2208 801 2259 adno.

150 2271 204 2330 320
216 2278 275 2329 Nec
290 2291 386 2340 mora5
404 2274 532 2326 balatum
548 2275 725 2342 mirantibus,
743 2274 831 2327 exsilit
844 2291 940 2346 nmina,

220 2344 397 2412 Lascivitque
409 2343 487 2414 fugo,
505 2342 694 2416 lactantiaque
706 2344 794 2396 ubera
807 2343 925 2413 quaerit.

220 2413 394 2483 Obstupuere
406 2422 481 2465 satae
492 2413 581 2465 Pelia:
601 2414 790 2484 promissoque
804 2422 952 2482 postquem

193 2529 198 2538 .
218 2482 374 2535 Exhibuere
386 2481 486 2546 fidem3
503 2491 565 2534 tum
578 2500 646 2535 vero
661 2481 812 2552 impensius
828 2482 942 2536 instent.

162 2585 165 2590 ,
218 2553 274 2604 Ter
289 2553 355 2621 iuga
366 2551 491 2605 Phoebus
503 2551 591 2622 equis,
607 2552 639 2603 in
650 2552 731 2605 Ibero
747 2551 856 2622 gurgite
870 2550 979 2620 mersis,

70 2641 74 2652 ¹
151 2616 204 2674 325
219 2623 372 2688 Demserat,
390 2630 418 2674 et
431 2630 531 2691 quarta
540 2620 680 2673 radiantia
690 2630 774 2674 nocte
787 2619 931 2673 micabant

220 2690 333 2755 Sidera;
352 2708 417 2743 cum
429 2690 527 2759 rapido
541 2689 629 2743 fallax
637 2689 746 2742 Aeetias
759 2689 769 2741 i
808 2688 818 2739 i

219 2759 343 2828 lmponit
353 2777 457 2828 purum
470 2759 592 2826 laticem,
612 2767 641 2811 et
653 2759 713 2812 sine
730 2762 782 2812 vin
802 2775 834 2809 us
846 2755 956 2810 herbas.

220 2830 336 2898 lamque
347 2825 412 2881 neci
422 2828 526 2895 similis,
544 2827 669 2881 resoluto
682 2843 808 2897 corpore,
827 2843 933 2897 regem,
991 2869 1002 2884 i

220 2898 255 2949 Et
269 2914 334 2949 cum
346 2913 414 2966 rege
426 2915 476 2949 suo
491 2897 619 2950 custodes
631 2915 743 2950 somnus
754 2896 884 2962 habebat,

152 2964 206 3021 33⁰
223 2969 312 3028 Quem
325 2964 458 3019 dederant
472 2975 578 3032 cantus,
595 2966 778 3048 magicaeque
790 2964 918 3035 potentia
927 2963 1050 3037 lingtme.

221 3038 361 3086 Intrurant
376 3033 466 3088 iussae
481 3053 548 3089 cum
563 3034 694 3087 Colchide
707 3035 805 3087 limina
816 3042 907 3101 natae,

220 3102 437 3173 ambierantque
451 3114 555 3158 torum.
584 3103 657 3167 Quid
669 3122 745 3157 nunc
764 3103 895 3155 dubitatis
909 3101 1031 3157 inertes?

221 3171 363 3241 stringite,
381 3172 428 3238 ait,
445 3172 563 3243 gladios,
579 3182 760 3243 veteremque
774 3171 883 3224 haurite
898 3187 1045 3234 cruorem3

221 3242 259 3290 Ut
269 3238 393 3308 repleam
406 3258 506 3294 vacuas
519 3242 633 3294 iuvenili
643 3242 776 3313 sanguine
789 3257 882 3294 venes.

153 3304 206 3362 8³5
222 3309 390 3363 Inmanibus
401 3310 499 3364 restris
514 3312 555 3364 ita
566 3320 617 3379 est,
632 3320 761 3385 aetasque
775 3310 907 3382 parentis.
