2350 3834
12 3668 24 3801 t

261 225 705 321 neranonnnoseon
723 228 806 285 nra.
828 204 887 284 1v.'
1002 234 1045 298 73

83 373 119 423 Et
131 368 225 422 subito
238 368 296 422 duo
308 364 386 434 tunt,
403 368 556 442 faustoque
567 371 712 426 volumine
725 386 856 445 serpunt,
992 382 1046 437 600

83 442 184 493 Donec
197 439 228 491 in
241 439 361 509 appositi
371 441 495 492 nemoris
505 441 617 493 subiere
627 442 758 497 latebras.

83 512 168 562 Nunc
183 525 294 578 quoque
307 525 361 560 nec
373 509 486 578 fugiunt
499 509 661 577 hominem,
679 530 733 564 nec
744 514 862 568 vulnere
873 515 1004 572 laedunt:

84 578 159 643 Quid
201 595 216 630 e
230 578 308 647 prius
318 578 441 644 fuerint,
460 579 564 649 placidi
577 582 731 633 meminere
746 583 890 643 dracones.

120 596 284 699 Sediamen
296 648 433 699 ambobus
444 665 543 701 versae
554 650 653 702 solatia
665 651 775 704 formae

83 717 287 787 Magna-nepos
297 717 406 769 fuerat:
464 734 510 769 em
521 718 661 770 debellata
675 721 787 772 colebat
992 727 1044 782 605

84 786 179 854 India,
201 804 285 855 quem
297 786 393 854 positis
403 802 438 838 ce
451 787 567 840 ehrabat
579 788 685 839 Achaia
695 791 816 860 templis.
880 814 882 818 ·

84 856 166 907 solus
178 855 345 907 Abantiades
360 855 396 906 ab
410 856 518 926 origine
531 864 626 908 cretus
639 858 738 910 eadem

83 924 207 976 Acrisius
220 933 360 994 superest,
378 924 583 993 quimoenibus
598 935 692 978 arceat
703 927 779 979 urhis

83 993 250 1064 Argolicae,
268 1002 423 1073 contraque
437 994 521 1046 deum
535 995 610 1046 ierat
622 1012 718 1062 arma;
736 1011 879 1067 genusque

83 1064 150 1115 Non
162 1071 245 1132 putet
257 1079 317 1114 esse
331 1066 524 1132 Iovnrneque
542 1064 618 1115 enim
630 1065 701 1117 loris
717 1080 777 1117 esse
791 1069 907 1134 putabat

84 1134 200 1198 Persea,
219 1148 302 1202 quem
316 1132 409 1200 pluvio
427 1134 521 1184 Danae
535 1143 706 1201 conceperat
719 1152 798 1189 auro.
860 1180 862 1185 .

84 1204 151 1253 Mox
162 1211 258 1253 tamen
270 1201 424 1268 Acrisium,
443 1210 522 1252 tanta
535 1212 576 1254 est
587 1203 751 1271 praesentia
760 1203 829 1268 veri,

83 1273 156 1322 Tam
169 1271 288 1322 violasse
301 1271 401 1336 deum,
418 1287 502 1340 quarn
515 1288 571 1323 non
588 1287 704 1342 agnosse
715 1282 862 1343 nepotem,

82 1340 220 1393 Poenitet.
245 1340 393 1408 impositus
407 1340 465 1391 iarn
479 1340 559 1407 cuein
575 1351 617 1394 est
630 1341 718 1404 alter3
736 1351 765 1394 at
778 1343 862 1411 alter,

82 1409 198 1478 Viperei
209 1409 335 1461 referens
348 1408 470 1478 spolium
483 1411 667 1463 memorabile
680 1413 809 1480 nronstai,

82 1482 158 1530 Aera
173 1479 308 1548 carpebat
319 1487 448 1531 tenerum
460 1479 641 1541 stridentibus
652 1479 712 1534 alis.
789 1494 791 1507 ⁴
817 1523 819 1525 .

84 1549 211 1618 Cumque
223 1565 306 1616 super
317 1549 434 1616 Libycas
448 1548 538 1601 victor
554 1549 690 1618 penderet
701 1565 816 1616 arenam

84 1616 229 1688 Gorgonei
242 1617 340 1686 capitis
354 1625 451 1687 guttae
463 1618 593 1669 cecidere
606 1627 753 1672 cruentae:

83 1689 159 1749 Quas
173 1686 275 1737 humus
289 1697 417 1755 exceptas
431 1687 522 1737 varios
533 1687 669 1739 animavit
678 1687 711 1739 in
723 1705 758 1739 an
799 1704 843 1751 εις

82 1756 164 1808 Unde
175 1756 309 1825 frequens
322 1755 372 1806 illa
384 1764 426 1807 est
437 1755 539 1807 infesta
559 1774 594 1808 ue
608 1765 685 1809 terra
699 1757 755 1809 coli
783 1758 831 1813 ris.

116 1826 186 1877 Inde
200 1841 252 1894 per
263 1825 433 1876 immensum
445 1774 725 1877 rentisiiiscordibus
736 1835 815 1877 actus

80 1895 163 1947 Nunc
173 1895 248 1960 huc,
265 1911 341 1946 nunc
350 1894 431 1958 illuc,
450 1893 577 1962 exemplo
588 1895 669 1945 nubis
683 1910 814 1964 aquosae,

80 1966 196 2026 Fertur3
216 1972 245 2015 et
256 1980 288 2015 ex
303 1962 360 2015 alto
372 1962 499 2015 seductas
512 1963 626 2015 aethere
635 1962 720 2034 longe

80 2034 234 2103 Despectat
245 2041 349 2096 terraa3
367 2041 516 2101 totumque
530 2032 690 2100 supervolat
705 2032 813 2087 orbem.

79 2104 136 2154 Ter
147 2102 256 2174 gelidas
268 2106 379 2167 Arctos,
396 2111 440 2153 ter
453 2101 551 2152 Cancri
564 2101 680 2153 brachia
690 2100 773 2152 vidit:

80 2175 168 2241 Saepe
180 2171 233 2223 suh
247 2187 375 2234 occasus,
392 2186 477 2239 saepe
492 2178 533 2222 est
546 2170 655 2223 ablatus
666 2171 697 2221 in
707 2178 794 2231 ortus.

79 2244 196 2311 Iamque
211 2239 329 2292 cadente
347 2240 391 2291 die
403 2240 551 2295 veritusne
566 2239 683 2292 credere
696 2239 783 2305 nocti,

13 2354 14 2359 ,
81 2310 212 2362 Constitit
227 2309 375 2377 Hesperio,
393 2308 487 2378 regnis
500 2308 632 2374 Atlantis,
649 2311 678 2359 in
689 2309 778 2373 <orhe3
816 2347 820 2354 .

78 2381 273 2451 Exiguumque
286 2378 358 2446 petit
370 2378 510 2447 requiem,
529 2378 597 2429 dum
609 2378 723 2430 Lucifer
733 2379 813 2448 ignes

78 2452 185 2502 Evocet
197 2454 337 2512 Aurorae,
355 2464 453 2499 currus
465 2453 572 2498 Aurora
586 2447 709 2499 diurnos,

79 2520 131 2570 Hic
143 2514 296 2571 hominurn
310 2526 426 2568 cunctos
438 2516 466 2566 in
488 2517 545 2567 enti
559 2533 679 2584 corpore
691 2524 834 2585 praestans

78 2587 269 2657 Iapetionides
278 2586 353 2637 Atlas
365 2586 426 2638 fnit
444 2602 447 2613 ¹
487 2585 557 2636 tima
566 2585 651 2636 tellus
838 2631 842 2637 .

79 2658 155 2726 Rege
171 2656 225 2709 sub
239 2654 312 2719 hoc,
323 2658 358 2707 *et
369 2663 473 2723 pontus
486 2662 561 2718 eret,
579 2654 628 2722 qui
643 2652 713 2703 Solis
728 2652 842 2715 anneus,

79 2730 118 2779 Ae
158 2743 210 2778 ora
223 2724 317 2776 subdit
330 2724 420 2793 equis,
439 2732 467 2775 et
480 2722 567 2774 fessos
582 2722 684 2789 excipit
694 2737 766 2774 axes.
862 2772 865 2777 ,

79 2744 156 2848 nidi
169 2793 343 2866 gregesilli,
360 2793 537 2861 totidemque
549 2800 676 2843 armenta
689 2807 742 2859 per
755 2790 857 2844 herbas

78 2865 233 2916 Errabant:
252 2871 281 2914 et
294 2863 411 2914 humum
422 2861 525 2913 ricinia
537 2861 615 2913 nulla
626 2861 800 2929 premebant.

78 2935 226 2986 Arboreae
240 2931 371 2997 frondes,
390 2947 459 2982 auro
474 2931 602 2982 radiante
613 2930 744 2998 virentes,

78 3006 117 3054 Ex
133 3019 205 3055 auro
217 3016 328 3062 ramos,
348 3016 460 3052 exanro
473 3016 557 3068 poma
568 3000 711 3081 tegebant,

77 3075 202 3142 Hospes,
221 3070 262 3122 ait
272 3072 386 3122 Perseus
398 3068 454 3135 illi,
472 3085 524 3120 ssu
557 3069 630 3121 lona
640 3069 732 3140 tangit

76 3145 118 3195 Te
132 3139 247 3213 generis
258 3139 369 3210 magni,
385 3139 494 3209 generis
508 3087 577 3190 mibi
590 3137 695 3206 Iupiter
709 3146 823 3191 auctore

76 3211 142 3264 Sive
156 3228 184 3263 es
199 3209 320 3261 mirator
332 3225 442 3271 rerum3
460 3208 599 3260 mirabere
612 3217 731 3262 nostras.

76 3280 253 3349 Hospitium,
271 3279 401 3347 requiem
441 3286 539 3346 epeto.
565 3280 674 3328 Memor
686 3276 735 3328 ille
748 3283 875 3329 vetustae

76 3351 169 3403 Sortis
183 3356 263 3401 erat:
281 3347 394 3401 Themis
428 3346 611 3422 medederat
622 3346 753 3399 Parnasia
765 3354 884 3398 sortem:

120 3445 198 3481 orm.
222 3427 259 3478 11.
805 3423 831 3474 G
889 3444 892 3449 ·
