2350 3834
139 207 205 273 244
293 251 298 259 ⁴
407 204 822 265 551151151501115

148 406 151 413 ,
207 350 302 407 Verba
313 353 412 408 refert.
430 353 512 424 Fugit
523 352 575 405 illa
587 361 694 419 tamen,
709 351 845 422 veloxque
859 352 964 404 timore

195 423 336 476 *Pervenit
345 424 376 476 in
390 440 532 475 5511115515
547 424 632 492 positi
642 438 731 491 prope
745 421 841 475 littora
855 422 969 475 montis.

138 497 193 552 910
209 497 279 545 Ante
292 493 398 545 fretum
416 502 458 544 est
471 492 579 562 ingens,
592 492 702 561 apicem
715 490 852 543 collectus
865 492 895 543 in
907 507 1005 552 unum,

206 564 305 632 Longa
320 563 378 614 sine
393 562 540 614 arboribus
556 578 695 614 convexus
709 560 745 612 ad
759 577 883 630 aequora
896 569 1000 613 vertex.

209 631 339 683 Constitit
351 630 412 683 hic:
427 640 456 683 et
468 640 530 683 tuta
542 631 617 697 loco,
631 639 836 696 monstrumne,
845 629 951 687 deusne

207 699 259 752 Ille
273 699 317 765 sit,
329 701 469 772 ignorans,
481 701 695 770 admiraturque
707 699 843 765 colorem,

208 769 430 840 Caesariemque,
444 769 576 822 humeros
588 770 770 837 subiectaque
780 777 861 838 terga
871 776 1025 838 tegentem,

137 839 189 900 915
205 838 366 908 Ultimaque
382 839 501 907 excipiat
515 838 591 908 quod
604 838 707 890 tortilis
722 837 837 907 inguina
850 838 943 906 piscis.
967 872 971 888 .

207 910 309 971 sentin
326 918 355 961 et
366 908 494 974 innitens,
511 925 582 978 quae
597 908 693 961 stabat
705 907 841 975 proxima,
854 907 933 974 15511,

207 979 271 1029 Non
285 995 337 1049 ego
350 977 519 1048 prodigium,
532 995 590 1029 non
601 995 665 1029 sum
677 977 741 1028 fera
751 976 855 1042 bellua,
869 977 960 1046 virgo,

206 1049 273 1099 Sum
287 1048 364 1114 deus,
377 1047 480 1119 inqut>
494 1063 598 1116 aquae:
617 1063 671 1101 nec
689 1046 779 1099 maius
792 1046 823 1097 in
836 1047 1072 1114 aequoral'roteus

206 1118 250 1168 Ius
264 1115 358 1180 habet,
371 1125 419 1168 aut
432 1116 542 1184 Triton,
558 1115 823 1177 Athamantiadesve
834 1115 995 1170 Palaemon.

136 1187 189 1249 920
205 1189 278 1237 Ante
295 1193 395 1238 tamen
404 1185 533 1237 mortalis
548 1202 639 1237 eram:
657 1185 707 1237 sed
717 1185 827 1237 scilicet
839 1184 902 1236 altis

114 1254 118 1261 ‘
204 1254 319 1306 Deditua
334 1255 510 1324 aequoribus,
525 1254 582 1306 iam
594 1264 656 1306 tum
671 1254 820 1306 exercebar
834 1254 864 1304 in
879 1252 945 1310 11115.

205 1325 278 1376 Nam
290 1324 375 1376 modo
392 1324 529 1377 ducebam
541 1324 675 1376 ducentia
687 1324 759 1375 retia
771 1323 873 1391 pisces:

204 1390 286 1445 Nunc
298 1393 328 1444 in
343 1392 418 1444 mole
432 1393 529 1444 sedens
545 1393 713 1444 moderabar
729 1392 866 1444 arundine
877 1392 977 1445 1155111.

206 1465 277 1512 Sunt
287 1461 369 1514 uiridi
379 1471 461 1531 prato
474 1462 597 1514 confinia
613 1462 718 1525 littora,
734 1479 856 1531 quorum
902 1501 904 1504 >

135 1528 186 1594 925
204 1530 298 1583 Altera
312 1548 376 1600 pars
391 1531 479 1595 undis,
491 1549 555 1600 pars
569 1531 659 1584 altera
671 1531 794 1601 cingitur
808 1529 902 1585 herbis
915 1548 923 1582 z

195 1603 383 1669 ,9555555115
399 1601 566 1671 omnigenae
578 1618 675 1652 morsu
693 1601 798 1653 laesere
812 1600 959 1667 iuvencae,

201 1666 264 1722 Nec
276 1669 403 1738 placidae
418 1670 558 1738 carpsistis
572 1687 646 1735 oves,
660 1670 785 1722 hirtaeve
799 1668 934 1737 capellae.

202 1741 229 1792 N
230 1756 267 1791 on
280 1739 339 1807 apis
351 1739 418 1791 inde
433 1739 498 1791 tulit
510 1738 647 1793 collectos
657 1738 754 1791 sedula
764 1739 849 1791 flores
857 1756 875 1790 z<
911 1788 913 1791 ,

113 1826 118 1839 ’
204 1810 267 1861 Non
284 1808 348 1860 data
361 1816 426 1861 sunt
440 1809 526 1878 capiti
537 1808 659 1880 genialia
670 1816 761 1861 serta:
774 1823 828 1861 nec
841 1825 879 1859 un

134 1878 188 1936 930
204 1876 360 1930 Falciferae
374 1895 493 1931 secuere
503 1895 612 1931 manus.
631 1881 689 1947 Ego
703 1877 812 1946 primus
824 1877 854 1928 iu
870 1877 875 1886 “
898 1893 919 1929 5

205 1947 312 2015 Cespite
326 1946 449 2011 consedi,
464 1947 532 1999 dum
546 1947 604 1998 lina
617 1947 759 1999 madentia
770 1947 856 1999 sicco.

203 2019 296 2086 thue
310 2032 488 2069 recenserem
502 2017 626 2085 captivos
639 2016 739 2068 ordine
751 2016 857 2084 pisces3

203 2089 319 2154 Insuper
333 2086 456 2155 exposui,
472 2103 542 2156 quos
557 2085 651 2137 autin
666 2086 738 2137 retia
750 2102 838 2151 casus,

203 2158 259 2206 Aut
271 2172 321 2206 sua
335 2154 487 2207 credulitas
499 2156 529 2207 in
541 2155 665 2206 aduncos
681 2154 897 2234 egerathamos.

135 2223 187 2281 935
204 2226 257 2275 Res
273 2223 370 2279 similis
383 2224 484 2277 iictaer
496 2224 545 2276 sed
559 2223 629 2294 quid
640 2225 710 2275 mihi
723 2224 761 2275 fin
783 2239 831 2275 ere
844 2220 979 2290 prodest?

205 2293 338 2345 Gramine
353 2296 486 2345 contacto
500 2294 595 2361 coepit
609 2310 673 2344 mea
686 2310 738 2361 pra
804 2290 920 2357 moveri,

202 2365 237 2415 Et
250 2371 360 2415 mutare
373 2362 456 2430 15155,
467 2372 607 2431 terraque,
623 2371 656 2413 ut
670 2363 700 2413 in
715 2374 847 2432 aequore,
860 2361 922 2413 niti.
1136 2416 1137 2423 ,

205 2433 335 2502 Dumque
348 2449 455 2499 moror,
467 2432 613 2501 mirorque
626 2431 718 2497 simul,
735 2431 810 2501 fugit
823 2430 914 2482 omnis
928 2428 957 2481 in
970 2427 1051 2481 undas
1136 2458 1137 2483 ;

206 2502 301 2554 Turba
312 2516 384 2567 suas,
399 2502 600 2582 dominumque
616 2518 731 2566 novum,
743 2501 877 2569 littusque
891 2498 1055 2569 relinquunt.
1136 2498 1137 2553 1

136 2569 191 2629 940
208 2560 351 2641 Obstupui,
366 2571 520 2642 dubiusque
535 2571 593 2636 dtu,
610 2584 682 2639 quae
698 2587 790 2635 55555,
803 2568 931 2636 requiro:

205 2643 280 2695 Num
295 2640 429 2693 (15551155
443 2641 551 2711 aliquis,
567 2657 638 2693 num
649 2657 750 2691 succus
761 2639 863 2690 fecerit
875 2636 988 2695 herbae.
1136 2698 1137 2709 γ

207 2713 284 2773 Quae
298 2718 394 2762 tamen
408 2710 467 2778 has,
478 2712 604 2779 inquam,
616 2709 689 2761 vires
701 2708 788 2760 habet
800 2707 909 2759 herba?
921 2718 1057 2776 manuque
1136 2742 1137 2755 i

207 2779 310 2831 Pabula
323 2779 460 2849 decerpsi,
472 2780 660 2848 decerptaque
672 2778 754 2830 dente
769 2776 920 2829 momordi.
980 2788 982 2793 ’

208 2849 261 2902 Vix
275 2849 347 2901 115115
360 2850 555 2917 combiberant
567 2849 680 2918 ignotos
693 2856 808 2917 guttura
819 2860 931 2906 succos;
968 2878 976 2887 ν
1136 2904 1137 2907 ¹

138 2916 190 2976 945
209 2914 900 2986 055155151555511515155155155551111555551,
1135 2910 1137 2967 1

207 2986 382 3056 Alteriusque
393 2988 457 3056 rapi
470 2996 596 3039 naturae
605 2995 703 3055 pectus
716 3002 822 3038 amore.
1136 2990 1137 3001 ²

144 3058 150 3068 ’
209 3058 268 3108 Nec
280 3056 359 3124 potui
371 3065 477 3108 restare
488 3056 564 3121 loco,
576 3056 792 3125 Repetendaque
804 3068 949 3120 nunquam

208 3127 305 3191 Terra,
318 3125 389 3192 vale,
403 3125 468 3192 dixi,
480 3142 637 3194 corpusque
652 3125 703 3176 sub
714 3140 837 3193 aequora
847 3120 942 3175 mersi.

209 3196 244 3245 Dr
255 3194 339 3246 maris
355 3204 501 3264 exceptum
515 3194 592 3248 socio
607 3195 759 3265 dignantur
772 3193 889 3256 honore,

140 3264 193 3322 950
210 3266 301 3332 thue
316 3265 385 3316 mihi
397 3281 581 3335 quaecunque
595 3263 696 3329 feram,
711 3262 842 3316 mortalia
856 3260 980 3323 demant,

210 3338 360 3402 Oceanum,
373 3335 537 3405 Tethynque
548 3343 662 3406 rogant.
678 3338 738 3407 Ege
750 3333 856 3386 lustror
871 3330 907 3404 ab
921 3326 992 3383 illis:
