2350 3834
252 174 897 289 unvauoaracsrcu·ma.xu.
981 214 1045 279 219

86 369 229 434 Armaque
241 360 388 421 concussit,
405 368 570 431 certamque
580 360 878 431 equitavitinarlmni,
966 370 969 379 ’

85 435 236 504 Verbaque
249 439 295 483 tot
306 430 382 482 fudit
396 447 497 482 vacuas
509 428 649 482 auimbsiis
664 431 694 483 in
710 431 820 485 aurass'
964 448 967 455 ’

85 505 120 555 Et
132 512 172 570 te,
191 500 282 566 Caeni,
300 500 411 553 feram?
439 514 506 553 nam
523 509 554 551 tu
567 500 638 552 mihi
653 500 891 572 seminatemper,
993 497 1060 556 470,
1104 554 1107 563 ,

85 574 129 626 'I'u
143 571 212 624 mihi
226 570 322 623 Caenis
333 568 413 622 erist»
427 578 522 622 necte
536 569 637 623 natalis
652 571 732 641 origo
1034 571 1037 583 “

85 639 279 694 Comminuitl
305 647 496 708 memtemqua
508 638 593 704 subit,
611 655 667 707 quo
684 640 811 708 praemia
822 639 910 709 facto,
978 658 980 661 ·

85 714 206 780 Quaque
220 708 275 761 viri
286 707 387 761 falsam
401 707 523 776 speciem
536 707 668 769 mercede
680 710 827 777 pararisl,
967 724 970 731 ’

19 796 22 809 ¹
84 780 138 834 Vel
150 778 218 850 quid
236 777 386 837 natavida,
405 776 450 829 vel
469 776 536 846 quid
549 777 585 828 sis
597 792 693 844 passa:
719 778 880 849 columque,

84 852 107 914 1,
126 865 197 919 capa
214 864 280 901 cum
298 845 422 911 calathis,
440 853 469 898 et
481 845 602 896 stamina
614 845 717 914 pollice
729 854 847 919 tarque5
990 843 1046 906 476

82 918 162 971 Bella
178 918 307 986 relinqua
322 915 398 969 viris.
430 914 548 977 lactanti
563 914 632 966 talia
648 916 769 969 Caeneus
982 924 996 957 ἐ
1029 922 1034 930 “

81 989 235 1045 Extentum
249 1002 333 1038 cursu
346 985 429 1036 missa
445 984 517 1036 latus
528 984 603 1036 eruit
615 984 703 1050 hasta,

79 1060 149 1121 ⁴(lua
165 1056 295 1124 viraque
311 1053 474 1106 commissus
491 1062 560 1106 erat.
595 1053 673 1105 Furit
688 1055 736 1108 illa
754 1054 862 1127 dolore,

81 1125 222 1194 Nudaque
238 1123 345 1192 Phyllei
360 1122 467 1175 iuvenis
481 1122 549 1174 ierit
567 1139 620 1176 cra
636 1123 744 1178 sarissa.
890 1164 891 1167 η

80 1199 149 1252 Non
167 1209 246 1246 secus
262 1189 333 1244 haec
348 1192 445 1255 resilit,
465 1209 550 1262 quam
567 1193 638 1245 tecti
655 1210 672 1244 a
686 1194 808 1248 culmine
824 1194 944 1268 grando,
990 1194 1047 1254 480

18 1282 20 1287 ’
81 1268 140 1316 Aut
152 1262 176 1314 si
191 1263 252 1333 quis
267 1278 354 1331 parvo
366 1261 450 1312 feriat
469 1277 538 1313 cava
547 1270 679 1330 tympana
691 1279 766 1318 saxo.
868 1288 871 1295 Α
1029 1268 1033 1285 ’·

81 1332 245 1386 cuminusa
263 1331 402 1402 graditur,
419 1330 501 1383 lateri
542 1331 726 1385 arecondere
740 1333 811 1387 duro
853 1326 861 1337 ”

80 1403 220 1455 Luctatur
234 1350 377 1472 giudium:
399 1400 492 1471 gladio
517 1417 569 1453 aaa
581 1402 677 1470 pervia
689 1419 746 1454 non
760 1412 834 1462 sunt.

80 1470 165 1524 Haud
178 1478 273 1522 umen
286 1469 420 1540 effugies:
440 1469 534 1522 medio
544 1471 716 1542 iugulaberis
728 1488 803 1537 ense,

81 1538 317 1609 Quandoquidem
328 1536 578 1605 mucrcesthebea,
594 1540 702 1610 inquit3
728 1542 791 1593 etin
799 1544 874 1596 latus
880 1542 977 1597 ensem
990 1540 1044 1611 485

80 1609 230 1678 Obliquat,
242 1608 384 1677 longaque
396 1608 575 1677 amplectitur
585 1609 634 1660 ilia
652 1609 757 1663 dextra.
1026 1611 1032 1621 “

78 1678 168 1749 Plaga
179 1676 390 1797 iacit‘qemituq
407 1694 460 1729 ceu
474 1693 593 1746 corpore
605 1679 753 1730 marmoris
767 1678 834 1734 ictis

78 1749 238 1817 Fractaque
272 1745 371 1797 issiluit
387 1761 520 1813 percusso
533 1746 639 1798 lamina
658 1746 742 1800 collo.

79 1819 119 1868 Ut
132 1816 200 1881 satis
214 1815 325 1868 illaesos
343 1814 457 1867 miranti
472 1815 603 1885 praebuit
621 1825 712 1879 artus3

80 1886 164 1939 Nunc
179 1902 239 1956 age,
254 1884 296 1937 ait
314 1886 444 1949 Caeneus,
462 1893 558 1937 nostro
570 1892 619 1936 tua
636 1901 757 1964 corpora
773 1884 851 1941 ferro
989 1885 1043 1944 490
1063 1896 1065 1900 ‘

78 1956 250 2017 Tentemus3
284 1953 441 2022 capuloque
457 1962 537 2005 tenus
555 1950 667 2005 demisit
689 1972 719 2006 ιη
728 1968 826 2007 'amics
1023 1952 1026 1960 ¹

79 2026 182 2076 Ensem
196 2022 351 2088 fatiferum,
375 2039 545 2092 caecamque
555 2022 585 2074 in
596 2023 703 2076 viscera
714 2024 818 2087 movit,

79 2093 264 2162 versavitque
279 2107 404 2156 manum,
421 2090 575 2161 vulnusque
590 2092 621 2144 in
637 2093 752 2144 vulnere
763 2093 840 2144 iecit.

78 2163 154 2214 Ecce
171 2169 256 2214 ruunt
273 2168 350 2213 vasto
370 2159 462 2213 rabidi
479 2160 605 2214 clamore
622 2162 801 2229 bimembres,

78 2230 206 2301 Telaque
224 2231 254 2282 in
267 2230 343 2282 hunc
355 2245 452 2282 omnes
472 2247 561 2283 unum
577 2231 757 2302 mittuntque,
775 2229 935 2302 feruntque.
987 2231 1068 2298 495*

77 2299 149 2354 Tela
167 2308 263 2351 retusa
273 2298 393 2363 cadunt;
418 2308 513 2352 manet
523 2300 704 2368 imperfossus
715 2302 751 2354 ab
770 2300 857 2368 omni,
1016 2296 1026 2305 ’”

77 2373 170 2439 Inque
184 2378 345 2429 cruentatus
352 2370 474 2421 Caeneus
486 2370 608 2423 Elateius
625 2371 693 2423 ictu.

78 2441 197 2491 Fecerat
210 2438 342 2490 attonitos
355 2455 428 2490 nava
441 2454 495 2491 res.
529 2442 591 2491 Heu
610 2439 729 2491 dedecus
741 2438 853 2509 ingens!

78 2506 235 2575 Monychus
250 2506 400 2559 exclamat:
419 2506 537 2575 populus
554 2522 720 2576 superamur
733 2508 768 2559 ab
788 2522 860 2565 uno,

79 2576 190 2646 Vixque
197 2576 278 2628 viro:
304 2575 532 2645 quamquamille
548 2577 592 2628 vir
603 2586 660 2629 est:
684 2594 735 2628 nos
751 2575 883 2644 segnibus
890 2568 970 2639 actis,
986 2572 1040 2645 600

78 2645 163 2708 Quod
180 2645 236 2696 fuit
247 2644 305 2710 ille,
322 2661 426 2697 sumus.
469 2644 542 2706 Quid
562 2646 690 2698 membra
704 2645 838 2697 immania
852 2641 987 2712 prosunt?

79 2714 155 2778 Quid
187 2714 296 2765 eminae
310 2714 402 2766 vires?
430 2713 506 2782 quid,
525 2715 600 2784 quod
614 2715 767 2766 fortissima
785 2729 884 2766 rerum

75 2787 110 2835 ln
128 2731 211 2835 noia
224 2782 324 2851 duplex
339 2791 442 2834 natura
453 2782 585 2836 animalia
599 2783 709 2836 iunxit?

75 2855 137 2911 Nec
152 2866 203 2903 nos
217 2861 307 2903 matre
325 2850 385 2917 dea,
410 2867 463 2903 nec
476 2867 526 2902 nos
541 2853 635 2904 lxiona
647 2862 728 2905 natos

74 2924 142 2974 Essa
155 2937 238 2984 re0r3
265 2921 313 2990 qui
328 2928 422 2972 tantus
437 2928 505 2987 erat,
523 2922 634 2974 lunonis
647 2931 677 2974 ut
688 2922 761 2974 altae
832 2982 834 2984 ³
984 2920 1038 2985 505

74 2995 163 3060 Spem
180 3007 213 3041 ca
233 2998 309 3042 eret:
327 3006 378 3042 nos
394 2989 538 3043 semimari
558 3008 723 3073 superamur
736 2991 771 3043 ab
787 2988 877 3047 hoste.
1033 3002 1035 3009 ⁴

74 3064 158 3125 Saxa,
174 3066 202 3109 tr
241 3074 325 3129 esque
341 3075 433 3128 super,
449 3067 579 3181 tutosque
592 3061 723 3114 mvolvite
735 3069 856 3130 montes,

73 3129 267 3196 vivacemque
280 3127 403 3180 animam
415 3128 505 3181 missis
518 3147 533 3181 e
544 3131 612 3184 idite
624 3131 708 3185 silvis.

74 3198 151 3250 Silva
163 3205 275 3266 premat
289 3198 399 3251 fauces:
419 3206 447 3250 et
466 3198 521 3251 erit
554 3217 587 3263 rp
600 3200 716 3252 vulnere
735 3197 853 3268 pondus.

73 3266 164 3319 Dixit:
191 3274 219 3318 et
232 3265 321 3318 insani
332 3267 473 3320 deiectam
483 3216 586 3323 viridas
595 3270 691 3320 «Austri
802 3322 804 3325 ,
981 3260 1036 3329 519

73 3338 161 3389 Forte
173 3334 288 3390 trabem
301 3344 409 3406 metus,
425 3335 550 3392 validum
560 3338 682 3393 coniecit
693 3336 724 3390 in
739 3335 859 3389 bostem.
