2350 3834
114 213 176 287 aad
338 217 345 258 ³
375 201 804 282 tov1o11uosouis

120 433 124 436 ,
180 372 268 443 Nigra
279 368 406 441 pedem,
424 363 513 439 negati
527 367 620 422 uelata
632 366 788 421 'monedula
806 369 914 439 pennis.
935 395 945 410 ι

180 441 215 493 ht
231 457 289 493 non
306 439 428 504 Oliaros,
444 435 652 509 Didymaeque,
671 446 700 489 et
715 441 820 505 Tenos,
839 449 868 491 et
883 439 1004 508 Andros,

111 514 164 568 470
181 514 214 563 Et
231 512 350 578 Gyaros,
367 506 528 577 nitidaeque
544 508 623 560 ferax
640 508 808 577 Peparethos
826 509 926 578 olivae,

182 579 334 633 Gnosiacas
350 577 445 630 iuvere
462 585 546 631 rates.
581 580 682 629 Latere
698 577 765 629 inde
781 578 892 631 sinistm

182 647 337 717 Oenopiam
352 646 443 698 Minos
459 647 547 716 petit,
565 646 716 698 Aeacideia
730 661 828 716 regna.

135 775 137 778 ,
181 717 335 787 Oenopiam
350 724 459 768 veteres
472 716 669 786 appellavere:
688 715 762 767 sedi
782 729 812 768 se
848 777 852 788 Ι

182 794 289 840 Aeacus
306 786 441 857 Aeginam
458 786 607 856 genetricis
623 784 737 836 nomine
774 785 832 839 init.

113 859 165 917 476
181 856 275 910 Turba
291 855 363 919 ruit,
381 862 534 926 tantaeque
550 856 642 907 virum
661 869 832 925 cognoscere
849 854 944 907 felnes

182 924 300 996 Erpetit.
335 925 492 979 Occurrunt
507 924 549 975 illi
565 924 774 993 Telamonque,
792 923 952 994 minorque,

185 1001 280 1060 Quam
291 993 443 1061 Telamon,
460 993 574 1058 Peleus,
593 1002 622 1045 et
638 992 731 1062 proles
747 993 832 1046 tertia
849 993 968 1044 Phocoe.

183 1070 245 1135 lpse
263 1079 375 1134 quoque
388 1062 549 1134 egreditur,
565 1062 661 1114 turdus
678 1062 815 1132 gravitate
832 1060 923 1129 senili,

157 1159 160 1162 ·
183 1141 304 1188 Aeacus:
323 1142 351 1186 et
368 1147 439 1202 quae
456 1132 492 1183 'sit
507 1129 637 1184 veniendi
655 1136 737 1183 caiisa
753 1132 881 1201 requirit.

115 1206 169 1262 480
184 1202 349 1257 Admonitus
365 1200 449 1271 patrii
465 1200 557 1252 luctus
573 1201 704 1270 suspirat,
723 1209 752 1253 et
767 1201 810 1252 illi

184 1276 266 1327 Dicta
282 1272 370 1323 refert
386 1278 481 1322 rector
497 1270 668 1339 populorum
683 1270 752 1321 talia
769 1277 899 1322 centum:

184 1349 270 1395 Arma
285 1341 429 1392 iuvesoro
446 1351 499 1408 pso
518 1347 602 1409 gnato
624 1346 731 1406 manta,
746 1339 866 1410 piaeque

184 1414 248 1466 Pars
265 1410 302 1462 sis
319 1408 450 1462 militiae:
467 1407 576 1459 tumulo
594 1408 692 1460 solatia
708 1425 803 1478 posco.

146 1499 154 1513 s
185 1482 256 1533 Huic
272 1483 325 1531 Aeo
346 1475 435 1545 indas,
452 1478 524 1535 Petis
539 1477 634 1541 irrita,
649 1478 738 1545 dixit,
754 1485 785 1530 et
801 1474 866 1529 miti

116 1529 168 1606 lsi
186 1548 265 1603 llaud
282 1496 413 1600 facienda
430 1559 525 1622 meae3
549 1548 735 1616 nequeenim
753 1545 931 1599 mansuetior
945 1547 1007 1600 ulla

188 1617 346 1686 cecropidis
361 1617 415 1669 hac
434 1621 474 1667 est
488 1615 586 1667 tellus:
605 1633 638 1668 ea
653 1616 771 1673 foedera
788 1616 877 1670 nobis.

184 1688 282 1741 Tristis
299 1686 374 1750 abit,
392 1685 631 1754 Stabuntque'tibi
647 1694 696 1737 tua
712 1685 829 1737 foedera
846 1699 961 1758 magno,

186 1758 274 1811 Dixit:
293 1765 322 1808 et
337 1753 431 1810 utilius
447 1754 556 1806 bellum
572 1763 655 1832 putat
671 1772 730 1811 esse
748 1754 860 1820 minari,

154 1841 169 1896 j
186 1832 277 1890 Quam
293 1839 409 1896 gerere,
425 1832 509 1906 atque
526 1841 590 1877 siras
606 1823 646 1876 ihi
663 1835 896 1895 praeconsumere
910 1823 996 1878 eires.

116 1896 283 1953 49001assie
300 1894 335 1946 ah
354 1894 483 1964 Oenopiis
504 1893 659 1945 etiamnum
675 1893 772 1963 Lyctia
786 1893 875 1945 muris

186 1964 312 2035 Spectari
327 1971 454 2034 poterat3
472 1977 538 2015 cum
554 1962 639 2032 pleno
658 1963 768 2015 concita
784 1962 848 2015 reio

184 2035 276 2087 Attica
291 2032 392 2102 puppis
409 2032 501 2099 adest,
518 2033 548 2082 in
565 2039 718 2103 portusque
733 2032 822 2084 intrat
837 2030 955 2097 amices,

186 2108 264 2170 Quae
281 2101 631 2172 Cephalum,‘patriaeque
648 2099 731 2153 simul
751 2100 884 2152 mandata
900 2100 1026 2156 (creba.

185 2172 323 2230 Aeacidae
340 2169 426 2243 longo
444 2171 557 2222 iuvenes
573 2179 637 2239 post
651 2179 782 2240 tempore
801 2171 893 2223 visum

117 2244 169 2302 495
186 2248 331 2313 Agnovere
347 2249 443 2300 tamen
461 2239 629 2309 Cephalum,
648 2239 757 2291 dextras
798 2255 813 2290 e
829 2239 943 2303 deduce,

186 2317 274 2382 Inque
290 2308 377 2379 patris
393 2309 496 2361 duxere
514 2308 638 2362 domum.
673 2313 743 2379 spec
792 2307 835 2360 ilis
852 2309 945 2373 heros,

187 2385 221 2435 Et
238 2380 338 2436 veteris
353 2378 476 2431 retinens
494 2378 648 2430 etiamnum
666 2378 786 2449 pignora
801 2377 921 2441 ianuae,

186 2448 363 2523 Ingreditur,
379 2461 545 2569 ramumpue
561 2456 659 2499 tenens
677 2447 818 2527 popularis
835 2443 934 2513 olivus,

186 2526 209 2572 Α
225 2519 323 2573 dextra
337 2517 418 2571 laeve
459 2535 474 2570 e
510 2531 560 2569 uos
577 2524 670 2569 aetate
687 2531 810 2569 minores

72 2605 77 2610 ·
119 2590 172 2645 50)
189 2590 278 2644 Maior
294 2587 389 2656 habet,
407 2535 506 2657 Gsston
524 2596 552 2639 et
568 2590 673 2651 Buten,
692 2586 819 2638 Pallante
836 2591 956 2638 creatos.

187 2661 337 2730 Postquam
353 2671 517 2729 congressus
533 2655 618 2726 primi
635 2671 684 2708 sue
700 2656 786 2708 v'erha
802 2654 946 2718 talemnte

188 2728 375 2798 Cecropidum
390 2727 526 2797 Cephalus
542 2725 652 2796 peragit
669 2725 815 2789 mandata,
832 2731 974 2793 rogatque

188 2798 341 2862 Auxilium3
357 2796 515 2866 foedusque
531 2794 636 2860 refert,
655 2802 685 2845 et
699 2794 762 2846 iura
778 2802 938 2863 parantum,
976 2803 981 2812 ⁹

190 2867 397 2936 Imperiumque
413 2867 472 2936 peti
488 2863 576 2917 totius
592 2862 730 2915 Achaidos
746 2863 832 2917 addit.

122 2933 173 2994 505
190 2936 234 2987 Sic
251 2936 300 2988 ubi
317 2935 479 2990 mandatam
493 2933 563 2986 iuvit
580 2932 713 2985 facundia
729 2945 856 2996 causam3

190 3009 296 3057 uacus
314 3008 342 3057 in
360 3004 459 3073 capulo
477 3002 579 3073 sceptri
596 3002 703 3053 nitente
720 3002 838 3069 sinistra,

137 3092 141 3113 ³
191 3075 233 3130 Ne
250 3073 336 3142 petite
349 3073 497 3140 auxilium,
516 3073 565 3124 sed
577 3071 692 3135 sumite,
710 3071 792 3135 dixit,
810 3070 943 3123 Athenae.

191 3144 250 3204 Nec
267 3142 350 3195 dubie
367 3143 453 3210 vires,
472 3157 538 3213 quas
554 3141 625 3193 haec
641 3141 728 3192 hahet
746 3140 850 3205 insede,
868 3148 974 3194 esum

192 3211 306 3276 Ducite,
322 3221 352 3263 et
367 3215 459 3268 omnis
476 3220 521 3264 eat
536 3225 633 3263 rerum
650 3218 736 3262 statue
752 3210 804 3261 iste
821 3221 957 3262 meariuu.

125 3279 180 3334 alo
194 3280 306 3338 Robora
322 3299 380 3334 nan
396 3281 506 3342 desunt3
525 3279 723 3348 superatmihl
739 3279 834 3344 miles,
850 3287 880 3331 et
896 3274 979 3330 hosti.

194 3347 291 3405 Gratia
307 3350 364 3416 dis3
389 3349 456 3403 felix
468 3357 501 3401 et
516 3348 702 3401 inexcusabile
718 3357 837 3419 tempus.
