2350 3834
242 244 685 305 Murnuoueuosuou
705 244 786 307 ms.
807 247 884 301 x111.
980 249 1045 315 233

89 396 271 449 Prensante'm
282 394 413 461 tumulos,
431 402 516 465 atque
533 393 640 447 ossibus
656 392 753 447 oscula
766 391 881 448 mntem
923 410 926 415 ’
994 394 996 396 ’

87 463 236 516 Dulichiae
249 473 360 517 traxere
373 481 480 517 manus
515 466 623 517 Tamen
634 463 716 515 unius
730 462 831 529 hausit,
993 466 1046 523 425

87 537 178 603 Inque
189 533 251 585 sinu
264 533 370 586 cineres
381 550 478 587 secum
489 533 555 586 tulit
567 534 695 586 Hectoris
709 532 832 586 haustos.

87 601 220 655 Hectoris
233 603 263 654 iu
275 603 385 656 tumulo
400 621 503 657 canum
515 603 551 655 da
564 602 669 654 vertice
684 601 800 668 crinem,

86 671 206 724 Inferias
219 673 332 741 inopes,
349 673 474 738 crinem,
491 672 680 740 lacrimasque
693 671 836 741 relinquit.

86 743 146 806 Est,
162 741 214 794 ubi
226 742 310 793 'Itoia
321 743 384 807 fuit,
402 742 474 811 Phry
496 742 537 795 ‘ae
552 741 695 793 contrariu
706 739 798 810 tellus,
923 742 925 744 ’

84 811 214 865 Bistoniis
225 810 352 863 habitata
362 810 437 864 viris.
510 810 667 879 lyrnestoris
680 808 740 861 illic
860 862 862 867 χ
993 812 1046 868 430

85 879 175 951 Regia
189 879 265 933 dives
279 889 350 948 eret,
368 880 413 947 cui
425 889 453 932 te
464 879 606 933 commisit
618 878 750 933 alendum

86 949 177 1015 clam,
193 948 339 1019 Polydoro,
356 957 445 1018 pater,
463 947 645 1019 Phrygiisque
657 946 779 1000 removit
792 948 828 1000 al>
842 948 936 1006 mmm.

86 1017 239 1070 Consilium
250 1019 367 1089 sapiens,
383 1019 498 1071 sceleris
508 1018 561 1073 nisi
574 1017 702 1086 praemia
713 1020 829 1089 magnas

84 1087 238 1140 Adiecisset
251 1105 326 1157 opes,
344 1088 430 1139 animi
441 1088 588 1140 irritamen
603 1086 688 1139 avuri.

85 1160 124 1208 Ut
137 1156 239 1210 cecidit
249 1161 372 1213 Fortuna
387 1157 538 1227 Phrygum,
557 1173 591 1208 ca
611 1157 634 1206 it
645 1155 747 1224 impius
761 1172 857 1219 ensem
993 1155 1045 1213 485

84 1228 144 1278 Rex
154 1226 306 1293 Thracum,
323 1225 476 1297 iuguloque
488 1227 532 1278 sui
540 1225 576 1278 de
599 1225 641 1304 git
654 1224 775 1278 alumni:

83 1297 120 1348 Et
130 1304 266 1365 tauquam
282 1294 345 1348 tolli
359 1313 425 1348 curn
437 1310 559 1364 corpore
572 1294 692 1347 crimina
705 1304 830 1363 possent,

83 1364 247 1418 Exanimem
260 1382 276 1418 e
290 1364 405 1434 scopulo
421 1365 559 1418 subiectas
571 1363 649 1416 misit
659 1363 688 1415 in
703 1363 800 1418 undas.

83 1434 191 1487 Littore
204 1434 336 1486 Threicio
350 1433 468 1487 classem
478 1435 613 1506 religarat
623 1433 743 1499 Atrides,

82 1504 159 1555 Dum
173 1520 252 1555 mere
266 1511 408 1572 pacatum,
426 1504 493 1556 dum
504 1512 604 1556 ventus
619 1503 738 1555 amicior
753 1510 834 1556 esset.
990 1500 1044 1557 440

82 1572 137 1628 Hic
150 1573 252 1639 subito,
269 1582 397 1643 quantus,
415 1590 481 1626 cum
493 1573 622 1639 viveret·
630 1589 688 1624 esse
700 1571 819 1639 solebat,

81 1642 144 1694 Exit
160 1641 247 1694 humo
260 1642 317 1695 lata
331 1660 365 1694 ru
385 1651 423 1709 tu,
441 1642 593 1712 similisque
606 1640 712 1693 minaci

81 1712 229 1779 Temporis
240 1710 313 1764 illius
325 1660 433 1764 vudum
446 1712 588 1764 referebat
598 1709 728 1775 Achilles,

82 1784 145 1844 Quo
159 1780 238 1832 ferus
252 1780 352 1834 iniusto
366 1780 448 1850 petiit
462 1785 483 1832 A
505 1796 674 1832 ememnona
686 1778 781 1842 ferro;

80 1852 321 1920 Immemoresque
334 1851 392 1903 mei
403 1798 554 1916 disceditis,
572 1848 674 1917 inquit,
689 1845 810 1900 Achivi?
988 1845 1041 1902 445

81 1919 245 1989 Obrutaque
258 1927 300 1971 est
313 1936 427 1985 mecum
443 1918 554 1971 virtutis
570 1917 661 1988 petia
672 1916 805 1969 nostrae?
898 1972 900 1977 ,

79 1991 124 2042 Ne
138 1988 241 2041 facite:
258 1996 347 2058 utque
360 2005 456 2040 meum
471 2005 529 2040 uon
542 1986 578 2039 sit
590 1987 650 2039 siue
660 1986 769 2039 honore
782 1984 953 2055 septdetum,

78 2058 178 2110 Placet
188 2056 329 2110 Achilleos
342 2065 465 2110 mactata
479 2057 618 2124 Polyxena
631 2071 737 2110 manes.

77 2126 170 2179 Dixit:
190 2135 227 2195 et,
245 2126 349 2179 immiti
360 2127 443 2179 sociis
454 2125 616 2195 parentibus
628 2124 755 2190 umbrae,

77 2198 171 2265 Rapta
183 2196 246 2249 sinu
255 2196 364 2264 matris,
382 2212 468 2266 quam
481 2195 538 2247 iam
549 2211 639 2263 prope
653 2193 713 2246 sola
725 2193 851 2259 fovebat,
986 2190 1041 2247 tto

77 2264 191 2330 Fortis,
202 2273 234 2316 et
247 2264 355 2330 infelix,
375 2274 404 2318 et
415 2264 479 2336 plus
492 2281 579 2335 quam
590 2263 707 2329 femina,
724 2264 804 2333 virgo

77 2335 200 2387 Ducitur
213 2333 250 2387 ad
264 2335 414 2399 tumidum,
432 2335 551 2404 diroque
564 2333 597 2385 fit
609 2332 700 2385 hostia
713 2333 807 2385 busto.

82 2407 163 2467 Quae
175 2420 289 2456 memor
303 2404 363 2473 ipsa
375 2405 427 2470 sui,
445 2412 595 2472 postquam
608 2401 769 2454 crudelibus
782 2399 839 2453 aris

77 2472 201 2526 Admota
212 2480 262 2536 est,
280 2473 419 2543 sentitque
431 2473 485 2525 silsi
499 2473 561 2524 fera
572 2488 652 2524 sacra
664 2471 773 2538 parari3

78 2546 173 2612 thue
186 2542 404 2611 Neoptolemum
418 2550 548 2607 stantem,
565 2540 733 2608 ferrumque
743 2545 900 2606 tenentem,
985 2536 1038 2593 455

77 2614 169 2682 Inque
181 2626 231 2663 suo
243 2611 313 2662 vidit
324 2611 459 2682 figentem
470 2609 578 2661 lumina
593 2608 689 2671 vultu;

77 2683 164 2733 Utere
174 2679 339 2732 iamdudum
351 2695 490 2751 generoso
499 2677 646 2748 sunguine,
663 2676 746 2730 dixitr

76 2749 163 2803 Nulla
176 2766 259 2802 mora
270 2758 320 2805 est.
354 2754 390 2800 At
404 2757 437 2801 tu
452 2746 549 2819 iugulo
563 2746 608 2799 vel
618 2754 733 2814 pectore
743 2745 836 2799 telum

78 2819 173 2872 Conde
185 2835 269 2872 meo:
286 2817 470 2889 iugulumque
484 2816 578 2881 simul,
595 2825 747 2886 pectusque
761 2813 871 2870 retexit.

77 2888 192 2941 Scilicet
207 2896 257 2940 aut
269 2886 320 2939 ulli
332 2887 437 2940 servire
453 2885 590 2954 Polyxena
604 2884 720 2950 ferrem,
809 2942 813 2951 ¹
981 2884 1035 2941 460

76 2962 133 3009 Aut
145 2974 198 3026 per
207 2957 264 3009 tale
276 2973 389 3009 sacrum
397 2973 503 3008 numen
515 2954 674 3024 placabitur
691 2955 791 3010 ullum.

77 3028 152 3078 Mors
165 3036 277 3079 tantum
290 3025 393 3078 vellem
409 3034 530 3081 matrem
543 3041 606 3079 mea
620 3023 719 3078 fallere
734 3031 837 3094 posset.

76 3097 166 3148 Mater
177 3096 267 3159 obest,
285 3093 443 3165 minuitque
454 3095 530 3147 necis
542 3093 612 3146 milri
625 3093 743 3164 gaudiar
761 3090 889 3165 qtmmvis

75 3165 138 3216 Non
151 3180 304 3217 mea-mors
315 3163 367 3227 illi,
384 3181 482 3217 verum
497 3163 615 3219 suavita
647 3158 765 3216 emenda
780 3171 831 3215 est.

75 3232 130 3286 Vos
141 3234 238 3299 modo,
256 3248 292 3284 ne
305 3233 415 3304 Stygios
431 3233 531 3286 adeum
542 3248 601 3284 non
611 3232 631 3282 l'
654 3249 703 3285 era
714 3247 823 3298 manes,
977 3224 1029 3281 465

75 3303 138 3356 Este
151 3301 264 3372 procul,
281 3301 386 3355 siiusta
399 3312 482 3372 peto:
498 3309 633 3370 tamuque
643 3300 750 3355 virilem

75 3371 207 3445 virgineo
218 3380 362 3425 removete
373 3387 483 3427 manus.
515 3369 728 3440 Acceptiorilli
