2350 3834
161 218 223 281 116
429 214 460 272 Ρ..
483 211 633 278 ovum
653 212 858 272 NASONIS

225 361 353 431 Vivaque
361 377 435 427 saxa,
453 377 503 413 sua
514 358 703 430 convrdsaque
713 358 818 414 rebare
828 367 915 424 tarra,
960 358 964 368 “
1025 379 1027 386 ’

156 432 209 489 205
227 434 261 483 Et
272 431 355 482 silvas
368 446 483 482 moveo:
501 430 641 498 iubeoque
651 430 814 484 tremiscere
828 440 947 497 montes,

224 504 260 553 Et
272 499 383 574 mugire
397 499 498 564 solum,
516 514 668 567 inanesque
680 498 754 552 exire
767 500 916 567 sepulcris:

225 571 266 622 Te
279 584 400 637 quoque,
417 572 504 635 Luna,
521 568 614 633 traho,
633 569 757 637 quemuis
770 570 922 621 Temesaea
934 567 1046 637 labores

162 653 164 660 ¹
225 643 299 690 Aera
308 646 371 689 tuos
382 637 525 692 minuant:
543 654 641 700 cuntis
653 652 766 706 quoque
780 633 906 692 carmine
918 646 1030 700 nostro,
1061 681 1064 688 .

151 723 154 728 ¹
224 706 314 760 Pallet
327 706 380 773 avi,
397 706 485 775 pallet
497 707 600 759 nostrie
612 711 720 760 Aurora
733 705 855 761 venenis.

154 781 209 837 210
224 778 281 828 Vos
291 776 360 827 mihi
373 784 520 829 taurorum
532 776 663 828 flammas
673 775 834 843 hebetastis,
852 784 881 827 et
892 791 967 830 uuoo

223 845 305 897 Haud
317 845 425 913 patieris
437 845 529 897 oneris
546 844 654 897 collum
666 843 801 913 pressistis
816 853 920 898 aratro.

190 911 195 923 ‘
224 916 280 966 Vos
293 915 493 985 serpentigenis
507 915 579 983 inse
593 914 655 968 iera
665 913 741 968 bella
754 912 882 968 dedistiss
927 975 928 980 η

224 983 427 1054 Custodemque
440 984 541 1036 rudem
558 984 653 1037 somni
664 981 789 1052 sopistis:
806 991 835 1035 et
847 999 959 1051 aurum,

223 1052 341 1104 Vindice
354 1052 482 1122 decepto,
502 1053 601 1105 Graias
615 1051 727 1106 misistis
740 1052 769 1103 in
781 1052 875 1105 urbes.
978 1085 985 1091 -

153 1123 205 1180 215
222 1124 304 1175 Nunc
318 1138 388 1190 opus
401 1131 443 1174 est
456 1122 554 1187 succis,
572 1138 624 1190 per
639 1138 707 1191 quos
720 1129 853 1173 renovata
865 1127 996 1184 senectus

222 1195 255 1243 In
267 1191 370 1246 flerem
379 1192 486 1256 redeat,
502 1190 665 1260 primosque
676 1190 824 1259 recolligat
837 1206 934 1242 annos.

189 1265 191 1270 “
221 1262 256 1312 Et
267 1259 385 1311 dabitis:
404 1276 440 1314 ne
460 1277 496 1312 ue
511 1261 588 1312 enim
604 1261 765 1314 micuerunt
779 1260 870 1310 sidere
882 1259 1003 1325 frustm

221 1331 281 1381 Nec
294 1328 400 1384 irrutra
409 1277 558 1382 volucrum
569 1337 676 1386 tractus
693 1329 801 1382 cervice
819 1328 976 1384 &aunuum

222 1397 324 1450 Currus
341 1398 426 1450 adest.
453 1398 554 1449 Aderat
569 1398 703 1451 demissus
717 1398 752 1450 ab
767 1397 880 1452 aethere
895 1413 1004 1452 murus·

150 1469 206 1525 220
223 1470 284 1531 Quo
297 1467 380 1518 simul
396 1466 550 1532 adscendit,
567 1467 734 1537 frenataque
749 1465 824 1521 colla
837 1465 996 1522 draeonm

220 1536 378 1600 Permulsit‚
394 1536 523 1588 manibus
564 1537 665 1589 eleves
678 1535 795 1606 agitarit
808 1534 945 1599 habenas3

220 1605 351 1657 Sublimis
364 1605 480 1673 rapitur,
499 1554 681 1676 adhieotaque
692 1604 825 1657 Thessala
832 1606 944 1673 Tempe

217 1674 350 1743 Despicit,
369 1683 398 1726 et
411 1674 496 1726 cretis
510 1676 672 1745 regionibus
683 1673 806 1795 applicat
819 1690 937 1744 angues:

178 1769 181 1774 ·
217 1746 253 1796 Et
266 1744 503 1812 quaaOtsetulit,
524 1762 592 1814 quas
604 1745 675 1797 altus
684 1745 780 1796 Peion
791 1742 902 1808 herbas,
1004 1787 1007 1794 .

134 1807 203 1880 ‚225
220 1812 384 1881 Othrysque,
402 1812 566 1882 Pindusque,
585 1823 614 1866 et
625 1813 711 1865 Pindo
725 1813 816 1864 maior
828 1810 971 1881 Olympus,

217 1881 366 1949 Perspicit:
384 1890 413 1933 et
423 1882 540 1949 placitas
551 1882 661 1952 ,partim
672 1881 768 1934 radice
780 1880 900 1947 revellit,

218 1952 324 2003 Partim
335 1950 455 2004 succidit
472 1952 635 2006 curvamine
647 1952 728 2006 falcis
740 1953 837 2004 aenae.
910 1986 917 1994 -

200 2067 204 2074 ⁴
218 2018 308 2071 Multa
327 2037 439 2091 quoque
452 2021 572 2090 Apidani
581 2022 747 2101 placuerunt
759 2020 889 2089 gramina
896 2016 975 2087 ripis,

218 2088 308 2141 Multa
321 2106 433 2159 quoque
445 2090 606 2158 Amphrysi:
625 2106 715 2160 neque
732 2105 794 2154 eras
805 2087 948 2157 immunis,
962 2087 1082 2158 Enipeu:

147 2151 203 2211 280
217 2160 277 2211 Nec
291 2176 348 2209 non
360 2161 481 2234 laneae,
497 2175 617 2212 necnon
633 2156 816 2228 Spercheides
826 2158 918 2211 undae

217 2228 399 2286 Contribuere
412 2227 528 2296 aliquid,
544 2227 715 2298 iuncosaque
729 2227 826 2280 littora
836 2227 952 2282 Boebes.

217 2296 313 2365 Carpit
328 2304 356 2352 et
369 2296 492 2349 Euboica
502 2298 582 2348 vivax
596 2296 759 2350 Anthedone
771 2313 900 2366 pernen,

216 2365 349 2418 Nondum
363 2374 473 2416 mutato
484 2366 631 2435 vulgatum
644 2382 765 2435 corpore
780 2365 887 2418 Glauci.

216 2435 320 2486 Etiam
333 2452 409 2486 nona
422 2433 479 2485 dies
492 2451 578 2495 curru
592 2435 746 2504 pennisque
758 2434 923 2500 draconum,

146 2497 200 2558 235
216 2506 352 2573 Nonaque
366 2520 420 2556 nox
435 2521 532 2556 ornnes
544 2504 710 2568 lustrantem
723 2503 831 2557 viderat
845 2514 942 2575 agros3

217 2574 286 2624 Cum
297 2572 395 2625 rediit:
412 2590 503 2642 neque
520 2582 600 2625 erant
612 2574 690 2639 tacti,
704 2572 759 2625 nisi
770 2572 865 2639 odore,
883 2572 1032 2640 dracones,
1093 2595 1095 2600 ’

215 2643 250 2693 Et
260 2650 357 2693 tamen
371 2658 494 2696 annosae
506 2642 613 2710 pellens
626 2658 744 2711 potum
756 2650 896 2698 senectae.

124 2761 126 2764 .
151 2755 157 2771 ,
217 2711 347 2768 Constitit
355 2711 506 2766 adveniens
516 2710 587 2764 citra
599 2712 749 2780 limenque,
767 2710 842 2763 fores
883 2727 915 2777 ος
936 2749 939 2754 -

137 2819 143 2826 .
216 2780 250 2831 Et
265 2787 375 2834 tantum
388 2780 469 2832 coelo
483 2780 601 2849 tegitur:
614 2780 779 2850 refugitque
795 2779 824 2842 vi¹
840 2779 845 2791 “
859 2796 889 2832 ea
933 2841 936 2844 ,
978 2819 980 2822 ·

145 2848 201 2907 240
216 2849 379 2908 Coniectura:
396 2850 549 2917 statuitque
564 2866 625 2901 aras
639 2866 654 2901 e
669 2849 773 2916 cespite
784 2848 872 2909 binas,

197 2980 201 2986 .
216 2918 380 2972 Dexteriore
394 2920 520 2984 Hecates,
536 2926 565 2968 at
576 2916 656 2980 laeva
670 2925 750 2985 parte
764 2922 907 2972 Inventas.
955 2959 959 2966 ,

149 3021 156 3031 .
201 2989 288 3048 (Quas
301 2986 350 3037 ubi
360 2986 495 3052 verbenis,
511 2986 582 3038 silva
623 2986 765 3040 eincinxit
828 2986 894 3050 esti3
969 3041 974 3050 ρ

211 3054 294 3107 Haud
307 3053 406 3121 procul
419 3064 513 3124 egesta
523 3004 668 3116 scrohibus
678 3039 781 3107 telldre
812 3054 911 3108 uahus

213 3126 299 3174 Sacra
311 3122 392 3176 fucit:
411 3123 571 3193 cultrosque
581 3124 612 3178 in
645 3132 738 3186 uttura
754 3124 863 3178 velleris
880 3123 934 3178 atri

144 3188 197 3250 245
214 3191 340 3255 Goniicit‚
359 3200 387 3243 et
399 3191 507 3259 patulas
521 3142 664 3260 pertundit
676 3210 724 3245 san
766 3193 919 3246 'nerfossaa
975 3217 978 3221 ·

212 3261 286 3313 ‘rum
296 3277 382 3328 super
392 3260 653 3341 invergensliquidi
665 3279 730 3316 aare
751 3263 806 3316 esis
812 3262 927 3329 Bacchi,
1029 3299 1033 3306 τ

211 3333 359 3404 Aeaeaque
370 3330 517 3402 hivergens
528 3331 617 3400 tepidi
631 3330 874 3399 wuheeialaetis,
908 3389 913 3396 ,
927 3387 950 3396 ..
970 3389 977 3394 ,
