2350 3834
300 181 751 242 METAMORPHOSEON
773 184 900 240 Luat

27 300 29 357 i
118 333 197 384 Inter
208 326 415 397 Hamadryadas
432 325 616 381 celeberrima
627 329 814 385 Nonacrinas·

118 403 206 453 Naias
218 416 275 451 una
288 400 359 451 fuit:
378 397 524 466 Nymphae
536 399 615 467 syrin
636 416 653 450 a
665 401 814 456 vocabant.

26 462 28 497 ¹*
119 472 185 522 Non
196 468 285 521 semel
297 476 326 520 et
334 470 449 535 satyros
463 467 583 519 eluserat
603 468 607 475 '
631 486 648 520 a
661 478 818 539 sequentes,

118 541 154 589 Et
167 552 350 608 quoscunque
364 536 431 587 deos
443 537 610 589 umbrosave
623 537 707 605 silva,
726 539 839 592 feram

119 609 177 659 Iius
188 606 283 660 babet.
317 604 461 676 Ortygiam
477 606 573 658 studiis
584 606 699 688 ipsaque
713 608 826 662 colebat

119 676 170 729 Vir
191 675 289 728 'nitate
304 674 395 754 deam2
428 675 494 726 Ritu
512 691 625 745 quoque
638 686 731 729 cincta
741 678 848 731 Dianae

69 780 71 785 ,
118 747 140 797 F
183 746 256 811 etet,
275 752 304 797 et
318 744 395 797 credi
407 752 501 812 posset
514 745 646 812 Latonia,
664 745 773 799 sinon

119 815 245 867 Gorneas
258 813 325 866 huic
339 829 436 880 arcus,
453 813 477 865 si
491 829 549 865 nou
561 813 639 866 foret
655 831 755 867 aureus
765 816 817 870 illi.

118 883 168 936 Sic
180 892 293 954 quoque
305 882 431 934 fallebat.
465 882 640 935 Redeuntem
653 883 726 936 colle
740 887 851 952 Lycaeo

117 954 179 1005 Pan
191 952 268 1005 videt
278 952 367 1013 banc,
384 950 508 1021 pinuque
521 961 609 1020 caput
619 952 798 1021 praecinctus
810 962 901 1022 acuta,

118 1021 200 1074 Talia
210 1021 297 1073 verba
307 1021 404 1074 refert.
439 1021 571 1073 Restabat
587 1022 674 1074 verba
687 1021 805 1090 referre,
931 1033 933 1041 ’

117 1093 154 1144 Et
164 1091 296 1160 precibus
309 1090 408 1159 'spretis
422 1090 527 1160 fugisse
542 1106 595 1158 par
607 1090 670 1144 aria
682 1091 854 1161 Nympham3

19 1202 21 1229 ,
116 1162 217 1212 Donec
231 1160 341 1211 arenosi
352 1159 494 1228 placidum
505 1160 628 1212 Ladonis
637 1160 674 1212 ad
686 1177 799 1213 amnem

19 1256 20 1277 ι
118 1229 251 1282 Venerit:
268 1228 316 1281 hic
328 1228 371 1280 illi
381 1244 494 1280 cursum
503 1229 719 1296 impedientibus
731 1230 822 1299 undis,

18 1296 20 1375 J
56 1299 58 1303 ’
118 1302 158 1351 Ut
173 1310 202 1351 se
212 1305 373 1363 mutarent,
391 1297 510 1367 liquidas
525 1314 618 1351 orasse
633 1315 759 1353 sorores:

118 1370 251 1438 Panaque
268 1384 333 1419 cum
347 1383 476 1435 prensam
491 1366 543 1418 sihi
553 1367 611 1418 iam
624 1369 741 1438 Syringa
755 1376 874 1438 putaret,

120 1439 244 1506 Corpore
257 1453 310 1505 pro
325 1435 470 1505 Nymphae
484 1436 607 1488 calamos
618 1438 741 1489 tenuisse
755 1437 904 1507 palustrem

118 1507 250 1587 Dumque
264 1505 305 1558 ibi
319 1506 452 1573 suspirat,
470 1515 562 1558 motos
576 1506 606 1557 iu
623 1507 759 1559 arundine
772 1516 872 1560 ventos

119 1575 251 1628 Effecrsse
263 1590 363 1627 sonum
373 1583 502 1642 tenuem,
519 1574 697 1644 similemque
713 1576 857 1646 querenti:

120 1648 189 1696 Arte
202 1660 276 1696 nova
286 1644 419 1724 vocisque
431 1643 515 1696 deum
526 1643 674 1696 dulcedine
688 1655 811 1715 captum,

120 1716 182 1766 Hoc
197 1713 268 1765 mihi
279 1713 431 1765 concilium
441 1721 553 1778 tecum,
568 1713 681 1779 dixisse,
699 1711 838 1767 manebit:

121 1786 212 1853 Atque
223 1783 264 1834 ita
277 1782 432 1849 disparibus
444 1782 560 1835 calamis
574 1783 741 1902 compapine
754 1799 838 1837 cerae

690 1868 732 1906 ae.

13 1872 14 1879 ¹
121 1856 198 1904 Inter
208 1868 238 1903 sa
250 1851 352 1904 iunctis
362 1866 467 1904 nomen
480 1852 602 1904 tenuisse
614 1852 680 1920 puel

122 1920 200 1973 Talia
212 1921 338 1973 dicturus
350 1920 421 1972 vidit
431 1920 568 1990 Cyllenius
581 1937 679 1973 omnes

122 1989 307 2043 Succubuisse
318 1989 429 2055 oculos,
445 1990 636 2060 adopertaque
647 1989 755 2042 lumina
767 2005 879 2045 somno.

123 2058 277 2129 Supprimit
287 2059 426 2180 extemplo
438 2076 553 2125 vocem,
570 2060 720 2141 firmatpse
733 2075 872 2128 soporem,

122 2128 266 2201 Languida
275 2145 357 2196 parm
389 2145 454 2181 cens
465 2129 605 2182 medicata
617 2129 726 2183 lumina
735 2129 823 2199 virga.

122 2201 181 2252 Nec
191 2215 285 2250 mora:
304 2197 409 2251 falcato
426 2198 571 2251 nutantem
586 2198 802 2265 vulneratam,

123 2271 184 2331 Qua
199 2267 277 2320 collo*
289 2268 399 2319 coniina
413 2275 511 2336 caput:
528 2284 650 2338 saxoque
663 2276 810 2320 cruentum

121 2337 238 2404 Deiicit,
257 2344 285 2387 et
296 2336 421 2388 maculat
427 2345 613 2457 praeruptam
627 2336 761 2407 sanguine
776 2344 896 2390 cautem.

156 2410 243 2477 Arge,
261 2404 352 2458 iaceat
370 2423 425 2476 quo
447 2422 501 2476 que
513 2408 542 2457 in
552 2414 596 2458 tot
608 2407 715 2458 lumina
725 2406 823 2458 lumen
834 2404 967 2473 habebas,

121 2475 293 2528 Exstinctum
304 2482 358 2526 ast:
376 2483 546 2545 centumque
557 2475 654 2528 oculos
667 2491 723 2527 nox
737 2484 858 2555 occupat
868 2490 933 2529 una.

122 2545 230 2614 Excipit
244 2543 310 2609 hos,
328 2543 505 2614 volucrisque
516 2560 581 2596 suae
594 2544 722 2595 Saturnia
732 2560 832 2611 penms

123 2614 263 2669 collocat:
281 2621 310 2664 et
321 2614 439 2683 gemmis
454 2611 572 2665 candem
583 2612 758 2664 stellantibus
770 2611 878 2684 implet.

156 2683 284 2735 Protinus
296 2682 410 2749 exarsit,
427 2698 481 2734 nec
493 2688 624 2749 tempora
639 2680 745 2732 distulit
755 2680 829 2745 irae3

122 2753 353 2820 Horriferamque
368 2751 456 2803 oculis
467 2751 617 2820 animoque
630 2749 733 2802 obiecit
745 2751 869 2820 Erinnyn

122 2821 231 2874 Pallicis
239 2821 406 2890 Argolicae,
423 2820 604 2889 stimulosque
616 2819 646 2871 in
657 2828 776 2888 pectora
788 2835 887 2873 caecos

124 2889 269 2956 Condidit,
288 2899 317 2941 et
329 2889 479 2961 profugam
490 2906 542 2958 per
553 2898 647 2941 totum
661 2890 762 2942 terruit
774 2890 889 2943 orbem..

122 2960 242 3012 Ultimus
254 2959 392 3011 immenso
403 2960 541 3023 restabat,
556 2957 636 3024 Nile,
651 2958 751 3011 labori.

124 3032 215 3093 Quem
225 3029 308 3080 simul
320 3044 354 3080 ac
366 3027 473 3100 tetigis,
490 3028 643 3098 positisque
656 3029 686 3078 in
698 3044 760 3079 mar
782 3027 825 3082 'ne
837 3028 916 3098 ripas

123 3098 276 3152 Procubuit
289 3097 419 3168 genibus,
437 3098 622 3167 resupinoque
637 3096 724 3148 ardua
736 3098 821 3165 colo,
848 3139 853 3146 .

125 3170 200 3231 Quos
212 3167 320 3236 potuit,
338 3166 412 3219 solos
425 3167 525 3219 tollens
537 3166 573 3217 ad
584 3165 676 3218 sidera
687 3166 788 3232 vultus,

123 3237 158 3288 Et
169 3236 291 3308 gemitu,
310 3244 338 3288 et
352 3235 490 3303 lacrimis,
510 3244 538 3288 et
549 3235 690 3287 luctisono
703 3237 814 3306 mugitu

125 3307 195 3358 Cum
208 3309 274 3358 Iove
288 3305 350 3357 risa'
362 3305 441 3375 queri
456 3314 511 3371 est,
528 3304 614 3356 finem
655 3320 670 3356 e
684 3320 765 3356 orare
779 3303 927 3359 munnam.

125 3375 255 3448 Coniugis
267 3374 317 3428 ille
329 3390 396 3429 suae
411 3374 577 3445 complexus
584 3389 620 3428 co
642 3372 791 3438 alacertit,
