2350 3834
266 200 723 295 MEMMOWOOEON
751 200 832 257 LIB.
854 203 885 256 V.

58 386 71 399 ,
88 343 185 411 Solvit,
205 353 234 398 et
245 345 365 399 arbitrio
373 346 471 403 matris
485 344 520 401 de
534 345 613 403 mille
623 344 733 418 sagittis
785 374 790 388 x
828 396 829 399 ,
903 395 908 401 ,
960 382 964 387 ·

89 418 181 466 Unam
192 416 322 484 seposuit,
341 412 391 469 sed
409 434 464 487 qua
479 433 532 473 nec
547 418 656 471 acutior
670 415 740 482 ulla,

87 485 146 536 Nec
158 485 250 535 minus
263 483 371 537 incerta
384 496 434 552 est,
451 502 504 537 nec
537 502 590 537 uae
603 484 691 557 magis
707 484 803 539 audiat
814 502 923 543 arcum.

89 553 278 623 oppositoque
288 571 364 625 genu
379 554 504 608 curvavit
517 502 611 607 deols
625 570 730 607 cornu:

87 621 173 691 Inque
187 639 238 681 cor
250 620 369 692 hamata
377 623 512 693 percussit
524 624 660 678 anmdine
674 625 778 678 Ditem.

121 690 204 742 Haud
217 692 318 760 procul
328 693 465 747 Hennaeis
477 691 555 745 lacus
568 703 610 747 est
623 711 639 744 a
652 694 799 746 moenibus
811 692 895 764 altae,

85 759 209 813 Nomine
223 763 335 831 Pergus,
353 779 458 832 aquaez
476 778 533 815 nors
547 759 597 813 illo
612 762 694 829 plura
707 764 835 832 Caystros

86 829 218 897 Carmina
231 848 387 900 cygnomm
399 830 558 885 labentibus
575 830 654 882 audit
665 830 694 882 in
708 831 798 884 undis.

85 898 160 950 silva
179 908 330 952 coronata
350 917 409 963 uas,
428 899 471 951 cin
495 916 542 951 ens
556 897 629 952 latus
643 915 735 964 omne,
754 901 866 971 suisque

84 966 251 1032 Frontibus,
269 977 301 1019 ut
311 919 382 1036 vdie,
399 917 542 1039 Phaeleos
558 968 705 1021 submovet
714 969 795 1021 ictus.

84 1036 203 1107 Frigora
218 1037 286 1091 dant
295 1038 377 1103 rami,
394 1037 492 1107 Tyrios
504 1036 607 1088 humus
620 1036 737 1088 humida
750 1037 844 1093 flores.

83 1106 118 1159 Pe
156 1113 254 1158 etuum
264 1124 313 1159 ver
326 1115 375 1163 est.
412 1110 473 1171 Quo
488 1105 556 1157 dum
568 1106 733 1175 Proserpina
748 1105 817 1161 luco

66 1234 69 1247 ‚
82 1123 179 1241 Luffit²
199 1184 228 1229 et
239 1184 288 1227 aut
301 1175 398 1242 violas,
417 1184 465 1229 aut
480 1173 600 1229 candida
613 1175 673 1233 lilia
686 1174 789 1245 carpit3

81 1246 215 1314 Dumque
227 1244 345 1314 puellari
359 1244 450 1305 studio
465 1243 646 1315 calathosque
656 1244 807 1325 sinumque

81 1313 197 1384 Implet,
215 1322 244 1365 et
255 1313 384 1384 aequales
398 1322 488 1369 certat
500 1330 632 1387 superare
646 1313 786 1385 legend03

81 1385 174 1435 Paene
188 1383 273 1436 simul
284 1384 348 1449 ¹uisa
361 1392 410 1450 ast,
429 1382 597 1455 dilectaque,
613 1392 750 1464 raptaque
762 1379 835 1437 niti:

83 1455 177 1523 Usque
189 1453 260 1505 adeo
274 1458 442 1522 properatur
454 1471 543 1506 amor.
568 1455 628 1504 Dea
640 1460 739 1506 territa
748 1460 857 1506 moesto

81 1524 117 1574 Et
132 1530 264 1589 matrem,
283 1523 454 1589 et‘oomites‚
470 1522 520 1575 sed
532 1530 654 1575 matrem
667 1521 784 1591 saepius,
802 1537 852 1575 ore

82 1591 207 1644 Clamat:
226 1600 262 1659 et,
280 1596 315 1643 ut'
326 1608 437 1645 summa
450 1600 558 1645 vestem
570 1590 691 1643 laniarat
704 1591 740 1645 ab
752 1607 813 1661 ora,

82 1661 200 1713 Collecti
213 1660 298 1712 flores
311 1661 412 1713 tunicis
428 1659 556 1712 cecidere
569 1659 702 1713 remissis.

1004 202 1047 271 88

81 1731 229 1800 Tantaque
241 1726 406 1809 simplicitas
416 1728 571 1798 puerilibus
584 1727 675 1780 adfuit
690 1726 786 1792 annis;
869 1778 871 1781 ,
967 1726 1000 1763 Ἦ

81 1800 158 1853 Haec
170 1803 287 1878 'quoque
302 1798 459 1869 vrrgineurn
475 1798 563 1876 movit
575 1797 684 1849 iactura
697 1796 834 1851 dolorem.
853 1860 856 1865 ¹

81 1870 189 1937 Raptor
202 1877 262 1938 agit
277 1885 385 1933 currus,
403 1875 431 1918 et
445 1884 559 1919 nomme
574 1882 713 1936 quemque
728 1874 831 1917 vocato

21 1966 23 1973 ι
81 1937 366 2016 Ειῐὶιοηειῑυτεςιιοεεο
382 1953 503 2005 quorum
519 1953 570 2003 per
585 1934 668 2000 colla,
685 1934 820 2007 iubasque
899 1983 903 1993 ,
965 1982 968 1991 ,
1029 1936 1033 1945 ’

81 2006 194 2059 Excutit
209 2005 331 2059 obscura
344 2014 446 2057 tinctas
458 2004 602 2074 ferrugine
617 2003 749 2057 habenas.
839 2054 843 2059 ,

80 2076 190 2146 Perque
204 2074 282 2127 lacus
298 2075 379 2140 altos,
398 2083 426 2125 et
441 2073 545 2125 olentia
558 2072 692 2139 sulphure
704 2072 795 2124 fertur

82 2148 187 2215 Stagna
202 2143 373 2210 Palicorum,
389 2151 473 2211 rupta
483 2141 622 2194 ferventia
636 2148 736 2194 terras

81 2214 115 2265 Et
128 2231 184 2284 qua
195 2211 378 2276 Bacchiadae,
396 2210 499 2263 bimari
515 2228 584 2281 gens
597 2219 660 2263 orta
675 2207 819 2278 Corintho,

80 2285 158 2335 Inter
169 2281 329 2362 inaequales
342 2288 497 2350 posuerunt
511 2278 624 2333 moenia
635 2289 742 2349 portus.

115 2355 162 2404 Est
173 2351 298 2407 medium
313 2352 424 2418 Cyanes,
442 2358 470 2401 et
480 2349 594 2402 Pisaeae
610 2349 772 2415 Arethusae,

21 2412 23 2419 ’
82 2420 163 2482 Quod
177 2412 235 2473 coit
247 2419 370 2490 angustis
382 2417 525 2471 inclusum
540 2417 681 2484 cornibus,
699 2432 814 2486 aequor.

81 2490 134 2541 ilic
145 2490 208 2556 fuit,
226 2506 245 2543 a
260 2490 338 2543 cuius
352 2497 483 2558 stagnum
498 2503 609 2557 quoque
625 2487 739 2539 nomine
754 2485 862 2553 dietum
874 2488 925 2539 ett-
1006 2508 1031 2521 -’

82 2559 157 2610 luter
171 2556 303 2611 Sicelidas
317 2555 407 2623 Cyane
419 2555 604 2609 celeberrima
610 2554 765 2634 Nymphas3

83 2625 201 2697 Gurgite
219 2643 291 2696 quae
307 2626 399 2679 medio
415 2633 623 2677 summatenus
640 2624 731 2675 ext1tit
744 2621 822 2690 alvo,

21 2706 22 2709 ’
82 2696 255 2766 Agnovitque
270 2695 366 2748 deum:
390 2697 449 2747 Nec
465 2693 575 2763 longius
590 2691 673 2758 ihitis,
690 2690 792 2762 iuquit.

81 2763 149 2821 Non
157 2773 237 2833 potes
250 2763 354 2815 invitae
373 2763 478 2817 Cereris
492 2779 579 2833 gener
593 2778 666 2815 esse:
683 2759 818 2832 rogando,

82 2833 146 2883 Non
157 2831 290 2902 rapienda
306 2832 370 2884 suit.
397 2831 478 2897 Quod
494 2831 515 2885 si
533 2845 703 2899 componere
717 2829 826 2902 magnis

80 2902 169 2952 Parva
182 2902 251 2954 mihi
262 2902 303 2955 fas
319 2908 368 2968 est,
387 2911 416 2954 et
429 2918 475 2953 me
488 2898 586 2953 dilexit
599 2899 715 2971 Anapis:
828 2913 830 2916 ·

80 2971 198 3022 Exorata
210 2980 314 3036 tamen,
333 2988 394 3036 nec,
413 2969 534 3033 athaes,
553 2968 688 3023 exterrita
700 2967 792 3037 nupsi.

79 3039 169 3091 Dixit:
187 3048 223 3107 et,
241 3041 271 3107 in
282 3049 374 3111 partes
389 3039 509 3093 diversas
520 3038 637 3091 brachia
652 3037 779 3105 tendens,
866 3040 869 3045 “

80 3108 201 3161 Obstitit.
235 3110 317 3162 Haud
327 3109 402 3161 ultra
418 3108 509 3159 tenuit
524 3107 667 3159 Saturnius
680 3105 767 3161 iram:

78 3177 286 3248 Terribilesque
298 3178 425 3229 hortatus
439 3193 532 3245 equos,
549 3176 580 3228 in
631 3174 710 3246 rgitis
721 3174 779 3228 ima

79 3248 245 3300 Contortum
259 3247 349 3298 valido
362 3255 506 3314 sceptrum
522 3262 590 3315 rega
603 3242 736 3299 elacerto

78 3313 219 3375 Condidit.
244 3319 304 3373 tcta
315 3308 389 3371 iiam
401 3313 485 3371 tellus
498 3314 527 3373 in
540 3317 658 3369 Tartara
667 3311 745 3381 fecit,

759 3384 830 3448 na
