2350 3834
116 207 159 271 eo
188 192 982 267 12.ovonnssoussusnuoaruossoum.
998 204 1021 257 1.

115 350 276 408 736‘Finiat
291 357 324 402 ut
337 345 583 419 poenituerimus,
599 353 695 416 roget:
712 347 800 415 Inque
815 344 943 405 futurum

186 422 262 473 Pone
277 427 383 483 metus,
401 418 508 486 inquit,
525 432 670 485 nunquam
688 413 741 469 tibi
758 431 841 477 causa
859 417 964 475 doloris
1046 448 1056 460 ι

186 492 262 542 Haec
281 488 352 541 erit:
369 495 398 543 et
414 486 521 557 Stygias
538 484 616 541 iubet
632 484 687 539 boc
704 482 801 539 audire
816 486 943 554 paludes.

186 563 226 611 Ut
241 557 328 610 lenita
344 556 397 608 dea
415 563 472 620 est,
488 554 581 607 vultus
600 555 674 623 capit
689 553 739 606 illa
755 553 880 623 peiores:
924 602 925 605 ,

186 628 302 696 Fitque,
360 626 398 678 od
415 633 479 679 ante
496 624 559 678 fuit.
594 624 716 693 Fugiunt
732 640 748 675 e
764 641 886 695 corpore
902 634 992 699 setus:

117 697 171 758 74⁰
188 699 298 749 Cornua
334 701 492 751 senescunt:
509 694 542 747 fit
557 691 671 746 luminis
689 693 778 747 artior
796 695 885 753 orbisz
903 703 905 706 ⁴

187 763 367 818 contrahitur
383 765 484 815 rictus:
501 760 622 821 redeunt
638 761 805 832 humerique
822 777 991 833 manusque:

186 834 351 906 Ungulaque
368 834 399 885 in
417 833 516 903 quinos
533 830 641 900 dilapsa
658 832 813 885 absumitur
829 850 945 904 ungues.

187 906 228 956 De
244 904 316 955 hove
333 902 374 957 nil
390 910 532 972 superest,
548 901 660 955 formae
677 902 729 953 nisi
746 903 865 968 cerrdor,
883 902 913 953 in
929 901 993 957 ills:

186 972 343 1042 Officioque
359 972 464 1042 pedum
480 971 609 1040 Nympho
628 979 762 1025 contenta
780 972 903 1029 duorum

118 1042 169 1101 74⁵
185 1043 325 1113 Erigitur:
342 1042 498 1110 metuitque
514 1040 609 1110 loqui,
626 1057 759 1097 nemore
776 1042 911 1099 iuvencae

186 1112 309 1182 Mugiat:
328 1120 357 1164 et
372 1111 469 1169 timide
486 1110 574 1165 verba
590 1110 895 1165 intermisseretentet.

122 1192 125 1199 ’
184 1183 267 1235 Nunc
285 1181 338 1233 dea
353 1179 472 1250 linigera
490 1179 594 1233 colitur
610 1179 796 1233 celeberrima
811 1181 903 1237 turbe.

222 1251 294 1307 Huic
311 1249 438 1319 Epaphus
454 1247 551 1317 magni
567 1247 677 1317 genitus
695 1247 729 1299 de
747 1250 852 1305 semine
869 1246 984 1307 tandem

189 1319 318 1371 creditur
337 1334 397 1370 esse
414 1316 500 1369 Iovis:
518 1332 625 1384 perque
642 1315 725 1372 urbes
742 1317 837 1369 iuncta
854 1317 963 1385 parenti
1007 1346 1010 1353 ‹

119 1385 171 1449 750
187 1387 304 1457 Templa
320 1395 403 1439 tenet.
440 1386 502 1439 Fuit
518 1385 584 1439 huic
602 1384 700 1439 animis
718 1386 841 1454 aequalis
859 1395 887 1442 et
904 1385 982 1437 annis

188 1458 252 1510 Sole
265 1466 339 1509 satus
351 1455 510 1509 Pheiithon:
528 1470 613 1522 quem
625 1453 769 1522 quondam
785 1471 888 1524 magna
903 1454 1079 1522 loquentem,

188 1530 248 1580 Nec
260 1526 312 1578 sihi
323 1524 489 1589 cedentem,
506 1523 675 1591 Phoeboque
690 1533 808 1591 parente
820 1523 981 1592 superbum,
1026 1556 1035 1564 -

189 1599 253 1650 Non
270 1595 335 1646 tulit
351 1592 508 1649 Inachides:
534 1593 690 1661 Matrique,
709 1592 762 1658 eit,
781 1593 875 1647 omnia
892 1592 1009 1650 demeus

190 1664 298 1729 Credis,
318 1672 347 1716 et
365 1679 392 1719 es
409 1661 531 1715 tumidus
547 1662 682 1731 genitoris
700 1661 823 1731 imagine
840 1661 912 1721 fulsi.

120 1734 172 1793 765
188 1733 306 1788 Erubuit
320 1731 480 1797 Phadthon,
495 1731 623 1801 iramque
640 1731 750 1812 pudore
766 1733 912 1800 repressitt

188 1807 223 1858 Et
239 1803 304 1854 tulit
321 1802 357 1854 ad
375 1801 527 1869 Clymenen
542 1800 651 1869 Epspln
667 1800 795 1855 convicia
813 1811 941 1857 matrem.

189 1877 250 1937 Quo
291 1889 307 1923 e
323 1872 413 1942 magis
431 1870 540 1935 doleas,
557 1870 700 1941 genetrix,
718 1870 774 1934 eit3
791 1870 840 1926 iile
856 1887 909 1940 ego
927 1869 1009 1937 liber,

189 1942 240 1995 Ille
271 1958 337 1994 erox
353 1941 439 1994 tacui.
473 1941 562 1995 Peon
578 1940 649 1995 haec
666 1940 816 2009 opprobria
830 1940 928 2003 nobis

189 2014 224 2064 Et
241 2011 297 2063 dici
313 2011 452 2079 potuisse,
471 2019 500 2067 et
515 2027 574 2067 nou
590 2010 714 2078 potuisse
730 2009 838 2079 repelli.

25 2156 27 2161 Ι
120 2081 174 2135 760
190 2087 225 2133 At
241 2089 288 2147 tu,
304 2080 434 2143 simodo
446 2097 510 2135 sum
526 2078 640 2137 ,coelesti
656 2079 742 2148 stirpe
759 2089 878 2145 creetsu,

190 2150 247 2203 Ede
264 2158 363 2202 notam
378 2149 450 2203 tanti
466 2148 592 2219 generis:
610 2165 713 2218 meque
731 2166 822 2207 essere
839 2147 930 2203 coelo.

190 2218 285 2285 Dixit,
299 2228 327 2271 et
345 2218 485 2288 implicuit
499 2226 630 2275 mtemu
647 2218 764 2276 brechia
781 2218 871 2273 collo:

189 2291 242 2342 Per
262 2304 298 2340 ue
315 2305 415 2353 suum,
432 2287 608 2355 Meropisque
621 2295 722 2355 caput,
738 2288 892 2356 taedasque
905 2300 1044 2351 sororum,

151 2392 152 2395 =
190 2307 340 2424 Tradere't,
359 2356 702 2426 cantuariensique
719 2357 853 2425 parentis.
884 2402 889 2409 .
920 2386 922 2391 >
1000 2404 1003 2411 ,
1055 2390 1061 2399 ·

122 2427 174 2489 765
190 2427 376 2498 Ambiguum,
395 2426 525 2494 Clymene
541 2426 672 2494 precibus
688 2426 883 2491 Phaethontis,
900 2442 937 2481 an
954 2423 996 2476 ira

191 2498 269 2549 Mota
285 2495 374 2566 magis
391 2493 460 2551 dicti
474 2494 529 2547 sibi
544 2495 686 2561 oriminis,
703 2505 822 2564 utreque
842 2495 922 2555 coelo

193 2565 310 2619 Bruchia
326 2564 463 2633 porrexit:
480 2571 664 2632 spectansque
681 2565 717 2618 ad
733 2565 841 2619 lumine
855 2564 936 2628 Solis,

192 2636 245 2687 Per
260 2635 342 2691 iubes
358 2634 428 2698 boc,
445 2633 550 2702 inquit,
567 2633 653 2689 tediis
669 2634 777 2705 insigne
794 2633 928 2698 coruscis,

192 2705 278 2768 Nate,
296 2703 347 2755 tibi
363 2703 441 2769 iuro,
460 2703 536 2775 quod
552 2720 604 2759 uos
621 2703 754 2773 auditque
771 2703 916 2772 videtque,

124 2773 177 2826 770
193 2774 253 2824 Hoc
270 2781 313 2837 te,
332 2789 416 2842 quem
433 2780 557 2840 spectas,
574 2772 629 2825 bec
646 2780 689 2838 te,
708 2773 757 2841 qui
773 2779 913 2840 temperat
929 2769 1038 2835 orbem,

90 2840 94 2850 “
194 2841 258 2893 Sole
275 2849 376 2893 saturn.
411 2841 439 2893 si
455 2841 523 2892 ficta
539 2841 655 2910 loquor,
673 2850 759 2912 neget
774 2841 833 2913 ipse
851 2838 1003 2897 videndum

194 2914 230 2962 Se
247 2910 315 2963 mihi
326 2910 441 2979 ,sitque
460 2909 550 2963 oculis
564 2910 613 2965 lux
629 2911 682 2963 ista
698 2910 848 2967 novissima
865 2906 975 2964 nostrie.

193 2982 252 3033 Nec
269 2979 368 3059 longus
385 2980 466 3031 labor
483 2989 539 3045 est,
556 2980 661 3053 patrios
677 2980 730 3037 tibi
745 2996 826 3033 nosse
843 2986 970 3046 penetus
1067 2988 1068 2991 ’

195 3048 274 3101 Unde
292 3057 397 3114 oritur,
415 3048 514 3103 domus
533 3057 574 3102 eet
590 3057 683 3101 terrae
702 3047 875 3106 contermina
891 3055 1014 3109 nostres.

125 3117 176 3174 775
193 3116 324 3170 simodo
341 3118 399 3171 fert
416 3118 541 3181 animum
557 3119 691 3189 gredere:
709 3127 738 3170 et
753 3117 890 3173 scitabere
907 3116 943 3171 eb
960 3115 1032 3185 ipso.

192 3187 301 3241 Emicat
318 3187 457 3256 extempio
474 3186 563 3241 laetus
578 3195 644 3256 post
658 3187 726 3238 telis
743 3187 840 3245 matris

194 3256 276 3308 Dicte
292 3272 358 3308 suae
375 3255 536 3319 Phaethon,
553 3264 583 3315 et
599 3256 724 3325 concipit
741 3254 856 3309 aethera
871 3263 975 3314 mente.

180 3324 400 3395 'Aethiopesque
417 3342 495 3392 usos,
517 3325 678 3395 pmitosque
695 3326 746 3384 dub
762 3324 969 3406 ignibesiudos

196 3394 314 3448 Sidereis
331 3395 443 3464 transit,
461 3395 624 3467 petricsque
637 3395 700 3455 edit
714 3396 941 3467 iungerentu-
972 3466 975 3471 ¹
