2350 3834
144 209 210 277 250
393 214 425 273 a.
462 168 844 268 0v1o11‘uas0u1s

145 360 197 416 160
214 359 360 411 Desertum
374 357 516 428 quondam
529 356 629 410 mediis
643 356 691 428 qui
702 357 818 426 mpsssus
830 361 936 411 Aetnae

213 429 310 482 Noscit
318 427 557 480 Achaemeniden:
571 427 780 498 improvisoque
793 437 939 496 repertum

213 497 314 552 Vivere
326 498 455 562 miratus,
473 497 527 561 Qui
539 505 568 550 te
582 513 696 549 casusve
711 497 812 548 deusve

216 570 323 633 Servat,
337 566 563 619 Achaemenide?
573 583 634 633 cur,
645 566 745 635 inquit,
759 565 880 618 barbara
892 568 1009 620 Graium

211 636 300 688 Prora
310 636 407 688 vehit?
421 636 529 705 petitur
543 643 652 687 vestrae
667 652 738 705 quae
749 642 827 686 terra
838 636 973 690 carinae?

144 705 197 764 165
211 705 290 761 Talia
306 705 452 777 quaerenti
462 705 520 757 iam
532 722 590 757 non
603 705 724 756 hirsutus
739 704 853 767 amictu,
887 732 889 735 v

211 777 272 827 lam
286 790 361 841 suus,
378 783 407 827 et
417 774 502 843 spinis
515 782 645 826 conserto
658 773 784 844 tegmine
793 773 886 840 nullis,

157 905 160 911 Δ
210 845 296 900 Fatus
307 843 539 897 Achaemenides:
552 847 656 895 lterum
669 842 871 911 Polyphemon,
883 852 912 896 et
925 838 991 898 illis

211 911 370 982 Adspiciunt
382 912 485 965 fluidos
495 913 618 964 humano
632 912 765 983 sanguine
778 913 880 978 rictus;

211 982 272 1036 Hac
284 982 355 1035 mihi
369 983 392 1035 si
405 982 501 1052 potior
511 981 610 1035 domus
630 990 671 1033 est
683 981 840 1053 ithaceque
851 982 957 1049 carina,
983 1012 987 1023 ‹

143 1053 195 1109 170
212 1051 241 1103 si
253 1051 346 1104 minus
357 1056 470 1104 Aenean
481 1068 602 1104 veneror
614 1050 751 1121 genitore,
764 1068 954 1120 necunquam

211 1123 276 1174 Esse
287 1121 352 1173 satis
366 1122 476 1189 potero,
486 1130 628 1189 praestem
640 1120 707 1172 licet
723 1121 826 1184 omnia,
841 1129 944 1190 gratus.

212 1191 295 1254 Quod
307 1191 418 1261 loquor,
432 1199 459 1241 et
471 1189 555 1259 spiro,
570 1189 746 1259 coelumque,
763 1197 792 1241 et
803 1189 895 1241 sidera
910 1188 980 1240 Solis

209 1259 348 1329 Respicio,
360 1260 500 1328 possimne
510 1260 646 1330 ingratus,
655 1267 683 1310 et
696 1255 849 1310 immemor
863 1258 939 1310 esse?

210 1328 262 1380 Ille
274 1328 359 1396 dedit,
371 1328 447 1400 quod
459 1345 517 1380 non
529 1328 624 1383 anima
635 1329 705 1380 haec
718 1328 801 1396 Cyclo
822 1327 886 1379 isin
900 1343 952 1380 ora

46 1446 48 1451 ,
143 1398 194 1454 175
210 1397 307 1450 Venit:
322 1405 351 1449 et
362 1406 396 1448 ut
409 1397 506 1448 lumen
518 1396 576 1449 iam
587 1414 664 1449 nunc
676 1397 760 1449 vitale
771 1346 941 1467 relinquam,

211 1469 267 1517 Aut
276 1465 395 1532 tumulo,
409 1474 458 1518 aut
469 1474 546 1519 certe
561 1484 620 1518 non
635 1465 686 1517 illa
701 1466 808 1518 condar
819 1466 849 1518 in
865 1466 939 1520 alvo.

212 1535 286 1599 Quid
297 1534 368 1587 mihi
380 1532 449 1587 tunc
460 1535 555 1603 animi,
570 1533 623 1587 nisi
638 1535 661 1587 si
671 1534 760 1588 timor
774 1535 889 1588 abstulit
903 1549 1018 1587 omnem

212 1607 328 1657 Sensum
343 1605 531 1685 animumque,
547 1605 616 1657 fuit:
631 1621 697 1657 cum
706 1622 757 1657 vos
765 1613 862 1674 petere
875 1604 932 1657 alta
943 1603 1056 1657 relictus

208 1678 341 1744 Aequora
356 1674 505 1743 prospexi?
517 1675 595 1727 volui
605 1674 773 1740 inclamare3
788 1674 837 1726 sed
848 1673 925 1727 hosti

143 1742 195 1798 180
211 1744 333 1796 Prodere
345 1760 392 1799 me
406 1742 503 1797 timui:
513 1745 746 1814 vestrae'quoque
759 1743 866 1796 clamor
882 1742 967 1796 Ulixis

210 1814 300 1864 Paene
314 1812 369 1864 rati
382 1812 487 1865 nocuit.
504 1814 577 1881 Vidi,
591 1830 657 1865 cum
668 1822 764 1865 moute
777 1812 887 1865 revulso

192 1884 366 1934 ·Immanem
381 1882 529 1949 scopulum
540 1883 648 1937 medias
660 1882 788 1951 permisit
803 1883 834 1933 in
849 1880 946 1934 undas.

209 1950 273 2002 vidi
284 1952 398 2013 iterum,
409 1950 497 2003 veluti
509 1951 644 2004 tormenti
657 1951 761 2004 viribus
774 1959 848 2019 scta,

210 2022 293 2072 Vasta
308 2020 438 2092 giganteo
454 2021 624 2074 iaculantem
638 2039 701 2072 saxa
712 2020 830 2073 lacerto.

142 2090 193 2148 185
210 2092 252 2155 Et,
271 2106 307 2140 ne
322 2089 492 2159 deprimeret
505 2090 642 2142 fluctusve
655 2089 760 2157 lapisve
773 2088 908 2158 carinam,
939 2096 940 2103 ’

209 2158 352 2223 Pertimui,
365 2160 423 2210 iam
432 2175 479 2211 me
492 2177 550 2211 non
564 2177 623 2211 esse
634 2159 736 2217 oblitus
747 2159 776 2210 in
791 2156 849 2212 illa.

210 2231 246 2278 Ut
259 2244 326 2279 vero
342 2228 409 2298 fuga
424 2245 472 2279 vos
489 2228 525 2280 ab
544 2229 647 2281 acerba
661 2236 755 2280 morte
769 2228 903 2292 removit3

210 2295 388 2364 lllc‘quidem
401 2305 491 2349 totam
505 2297 706 2350 fremebundus
721 2297 884 2349 obambulat
893 2301 1023 2362 Aetnam,

207 2365 423 2436 Praetentatque
435 2383 521 2418 manu
532 2367 623 2433 silvas,
637 2375 665 2419 et
676 2365 789 2418 luminis
801 2367 885 2419 orbus

141 2438 193 2493 190
207 2434 332 2503 Rupibus
345 2436 478 2502 incursat,
496 2436 667 2506 foedataque
680 2436 797 2488 brachia
809 2436 875 2487 tabo

208 2507 241 2559 In
257 2521 335 2556 mare
348 2505 525 2574 protendens,
540 2514 654 2577 gentem
665 2514 826 2558 exsecratur
837 2501 981 2569 Achivam,

207 2577 300 2643 Atque
312 2574 363 2626 ait:
383 2574 404 2624 0
419 2575 442 2626 si
456 2574 516 2644 quis
526 2575 634 2627 referat
645 2575 716 2627 mihi
730 2591 808 2627 casus
821 2573 927 2637 Ulixen,

208 2646 264 2694 Aut
278 2643 402 2712 aliquem
415 2661 430 2695 e
445 2643 536 2710 sociis,
548 2644 579 2695 in
595 2661 680 2713 quem
692 2660 755 2696 mea
769 2644 871 2695 saeviat
880 2642 933 2710 ira,

207 2711 322 2763 Viscera
336 2713 414 2765 citius
428 2713 518 2779 edam,
531 2714 611 2765 cuius
626 2713 746 2765 viventia
759 2712 857 2765 dextra

141 2781 192 2836 195
208 2780 335 2833 Membra
350 2799 414 2834 mea
426 2782 539 2847 laniem,
555 2783 633 2835 ouius
649 2783 721 2834 mihi
735 2782 846 2852 sanguis
860 2778 978 2832 inundet

210 2851 322 2916 Guttur,
335 2859 363 2902 et
371 2851 430 2902 elisi
440 2851 582 2920 trepident
595 2852 645 2904 sub
658 2851 786 2904 dentibus
799 2859 891 2911 artus3

208 2921 299 2981 Quam
312 2918 432 2985 nullum,
449 2928 498 2972 aut
512 2920 573 2972 leve
585 2922 622 2972 sit
634 2921 769 2973 damnum
785 2920 855 2972 mihi
868 2918 939 2969 lucis
953 2910 1096 2968 ademtae!

208 2989 293 3047 Haec,
306 2996 335 3037 et
348 2988 430 3055 plura
443 2987 531 3040 ferox.
550 2992 595 3040 Ma
608 2990 716 3042 luridus
728 2997 848 3058 occupet
858 2987 971 3053 horror,

208 3059 389 3123 Spectantem
400 3056 492 3115 vultus
509 3057 663 3110 etiamnum
679 3059 765 3112 caede
779 3058 933 3122 madentes,

138 3124 192 3179 200
209 3123 394 3194 crudelesque
410 3142 518 3193 manus,
535 3135 563 3178 et
576 3127 689 3185 inanem
703 3128 817 3180 luminis
830 3126 939 3190 orbem,
1146 3170 1147 3177 ,

207 3193 399 3262 Membraque,
414 3202 441 3246 et
454 3195 578 3247 humano
593 3207 756 3249 concretam
771 3196 904 3268 sanguine
916 3193 1038 3249 barbam.
1146 3184 1147 3245 l

207 3263 283 3312 Mors
297 3271 436 3315 arctante
449 3264 559 3327 oculos3
572 3266 721 3325 minimum
733 3276 830 3318 tamen
842 3265 892 3316 illa
905 3263 1050 3317 malorum·
1146 3248 1147 3283 l

207 3329 310 3383 Etiam
322 3346 498 3403 prensurum,
510 3334 625 3388 iamiam
636 3352 701 3391 mea
712 3337 820 3391 viscera
831 3334 917 3389 rebar
