2350 3834
270 203 723 261 neranoneuoseon
743 203 826 258 ms.
847 205 893 289 iv.
1014 209 1056 272 ῃ

96 349 133 403 Id
146 365 177 402 se
192 348 412 418 solertissimum
429 349 497 404 dam
507 349 642 416 traditur,
662 358 724 402 astu
769 354 773 365 “

97 419 251 498 supposita
267 420 371 500 cepisse
383 438 486 473 manu:
502 436 608 500 perque
622 419 718 471 abdita
730 417 823 500 longe,

97 490 257 557 Deviaque,
276 497 305 541 et
318 489 392 541 silvis
403 490 549 542 horrentia
562 505 627 540 saxa
638 488 756 559 fragosis

98 559 266 627 Gorgoneas
277 566 399 679 tetffime
412 560 524 611 domos:
542 557 701 628 passimque
712 574 763 628 per
775 575 866 630 agros,

96 628 209 707 Perque
221 627 280 679 vias
291 627 319 678 vi
348 645 390 680 sss
402 628 549 681 hominum
563 626 729 695 simulacra,
747 628 938 701 ferarumque,
1007 631 1060 688 780

66 754 70 762 Ι
97 699 132 748 In
148 695 259 749 silicem
273 713 305 749 ex
317 696 383 767 ipsis
398 697 455 750 visa
468 712 605 750 conversa
618 697 744 750 Medusa:
923 706 925 715 ’

98 768 136 816 Se
147 773 245 829 tamen
254 765 411 819 horrendae
423 766 520 835 clipei,
539 764 615 835 quod
628 764 708 818 laeva
719 766 845 837 gerebat,

96 838 173 886 Aere
186 850 351 903 repercusso
368 835 492 888 formam
504 852 533 887 as
554 834 641 886 exisse
654 835 797 889 Medusae:
896 836 901 843 ’

97 904 231 984 Dumque
245 904 460 974 gratissomnus
475 904 522 956 ool
561 920 663 972 resque
672 903 824 975 ipsamque
830 907 953 976 tenebat,

97 972 240 1042 Eripuisse
252 982 338 1042 caput
348 973 438 1026 collo:
455 973 609 1043 pennisque
620 971 753 1044 fugacem
1006 978 1057 1035 785

96 1042 251 1112 Pegason„
260 1051 288 1094 et
299 1042 435 1111 fratrem,
452 1042 549 1095 matris
562 1041 597 1094 de
611 1042 746 1112 sanguina
762 1053 850 1107 natos.

97 1110 214 1163 Addidit
227 1121 256 1164 et
268 1098 346 1182 longi
359 1130 418 1165 non
431 1112 501 1164 falsa
534 1110 640 1164 ericula
655 1128 764 1163 cursus:

98 1183 179 1244 Quae
191 1180 281 1247 freta,
299 1199 367 1250 quas
381 1190 470 1235 terras
482 1198 495 1232 s
519 1238 522 1243 Α
545 1198 574 1233 se
588 1180 702 1233 vidisset
714 1181 749 1234 ab
762 1181 837 1235 sitos

13 1276 15 1325 p
96 1251 133 1302 Et
147 1264 220 1319 quae
229 1250 340 1303 iactatis
353 1250 490 1321 tetigisset
501 1250 594 1302 sidera
606 1248 713 1318 pennis.

96 1322 171 1373 Ante
185 1327 360 1388 expectatum
371 1319 460 1373 tacuit
471 1329 575 1373 tamen.
610 1319 718 1387 Excipit
730 1326 801 1372 unus
982 1384 984 1389 Ι

97 1389 120 1439 E
132 1405 252 1440 numero
265 1404 430 1457 procerum,
450 1392 600 1458 quaerens,
619 1404 671 1440 our
682 1388 741 1441 sola
752 1406 882 1463 sororiun

98 1458 223 1510 Gesserit
234 1457 349 1527 alternis
363 1457 500 1510 immistos
515 1458 638 1510 crinibus
651 1475 763 1528 angues.

135 1529 243 1596 Hospes
251 1527 313 1578 'aits
337 1528 476 1590 Quoniam
490 1528 598 1585 scitaris
611 1526 695 1598 digna
707 1527 807 1594 relatas,

100 1596 206 1665 Accipe
219 1596 336 1665 quaesiti
349 1613 470 1650 causam.
507 1596 665 1650 Clarissima
677 1596 782 1663 forma,

96 1664 311 1735 Multornmqua
322 1664 378 1716 fuit
386 1683 447 1735 spes
463 1666 599 1718 invidiosa
609 1681 764 1734 procorum

98 1734 164 1787 llla:
181 1748 237 1786 neo
250 1734 282 1785 in
291 1743 352 1787 tota
364 1735 540 1804 conspectior
552 1735 612 1786 ulla
623 1751 656 1791 ca
676 1733 731 1786 sslis

96 1805 165 1856 Para
178 1803 242 1856 fuit.
277 1805 389 1871 Inveni,
408 1806 456 1874 qui
466 1821 496 1857 se
506 1803 607 1856 vidisse
617 1820 650 1869 re
663 1810 748 1858 erret.

97 1875 180 1926 Hanc
192 1872 287 1944 pelagi
299 1883 395 1926 rector
407 1873 515 1942 templo
526 1873 636 1925 vitiasse
649 1872 791 1924 Minervae

96 1942 223 1995 Dicitur.
255 1949 358 1995 Aversa
369 1950 426 2008 est,
445 1952 474 1994 et
486 1950 575 1994 castos
587 1940 684 2011 aegide
698 1941 792 1994 vultus

97 2014 174 2065 Nata
186 2009 258 2063 Iovis
269 2012 354 2064 texit:
370 2028 441 2064 neve
454 2012 510 2063 hoc
519 2011 635 2079 impunc
648 2010 756 2076 fuisset,

99 2083 283 2152 Gorgoneum
297 2089 392 2150 turpes
406 2081 514 2133 crinem
526 2080 646 2131 mutavit
653 2079 771 2148 hydros.
818 2126 820 2137 ,

97 2153 182 2204 Nunc
195 2164 325 2218 quoque,
343 2160 375 2201 ut
387 2149 521 2202 attonitus
532 2148 685 2201 formidine
700 2156 804 2201 terreat
815 2146 918 2217 hostes,

97 2221 217 2272 Pectore
230 2218 261 2270 in
275 2218 407 2289 adverso,
424 2234 495 2291 quos
505 2217 593 2288 fecit,
609 2218 727 2273 sustinet
743 2233 857 2290 angues.

119 2353 178 2395 ,Γ
