2350 3834
251 220 697 281 METAMORPHOSEON
716 228 800 283 Llstt.
821 183 928 301 vnn,
989 235 1050 299 183
1075 193 1080 201 ·

90 368 126 417 Dt
137 366 280 431 facerent,
299 366 358 418 sine
368 376 450 437 patre
461 367 568 421 sommi
586 369 640 421 sibi
653 371 770 441 quisque
781 369 911 444 profecto

90 436 138 486 Fit
152 433 234 487 dem:
261 435 266 445 “
308 436 366 487 avis
377 438 507 506 precibus
520 442 642 490 Fortuna
655 454 804 513 repugnat.

90 503 188 555 Altera
201 452 365 557 inmifisndum
377 524 511 559 suscense
525 508 658 577 Cupidine
669 509 749 564 teuto

91 572 215 624 Perdere
247 573 377 640 auderet,
396 577 582 646 quodcunque
596 578 721 630 obstaret
735 582 834 638 amori.
1017 591 1052 646 76

91 644 127 693 Et
139 658 192 694 cur
204 592 262 696 ulia
273 643 349 694 foret
362 660 410 697 me
422 645 542 699 fortiori
558 647 600 698 ire
612 664 662 714 per
675 648 762 717 ignes,

90 713 146 764 Per
161 711 270 782 gladios
280 712 376 766 emim.
411 717 508 784 Neque
520 714 549 766 in
565 715 621 772 hon
635 725 730 768 temen
743 720 852 789 ignibus
864 722 938 794 ullis,
973 759 975 762 -

91 786 149 832 Aut
161 779 261 850 gladiis
275 798 345 851 opus
355 791 410 835 est:
430 800 498 851 opus
512 793 553 836 est
566 784 637 835 mihi
649 784 727 838 crine
740 797 868 857 paterno.

92 849 144 901 ula
157 848 227 902 mihi
238 858 282 901 est
293 867 365 902 euro
380 853 543 919 pretiosior3
560 852 736 906 illabentem

91 920 220 987 Purpura
231 935 293 986 nie,
312 920 425 988 votique
434 922 491 973 mei
501 922 614 974 factura
625 931 780 991 potentem.

126 987 209 1039 Talia
222 986 340 1059 dicenti,
358 1000 490 1042 curarum
504 991 626 1043 maxims
641 993 743 1051 nutrix,

91 1057 155 1109 Nox
167 1056 331 1121 inter-renim
347 1060 527 1130 tenebrisque
541 1059 658 1113 audacia
671 1059 767 1115 ore'vit.

90 1125 188 1178 Prima
200 1126 279 1195 quies
291 1127 401 1195 aderat,
420 1146 476 1199 qua
487 1129 559 1179 curis
572 1130 644 1180 fessa
658 1129 764 1180 diurnis

91 1196 212 1247 Pectora
222 1212 334 1247 somnus
349 1197 441 1251 habet.
476 1198 624 1250 Thalamos
634 1199 775 1258 taciturna
786 1208 917 1267 peter-nos
969 1233 972 1238 <

91 1266 197 1330 Intrat,
217 1274 261 1331 et,
279 1266 333 1317 heu
345 1266 468 1319 facinus!
485 1267 566 1320 fatali
578 1276 645 1319 nata
656 1276 805 1337 parentem
842 1293 845 1298 ¹
1017 1272 1050 1336 85

63 1385 66 1390 ,
92 1333 173 1388 crine
185 1350 268 1386 suum
281 1335 396 1403 spoliet:
413 1336 572 1406 praedaque
585 1336 676 1405 potita
687 1335 809 1390 nefanda

90 1405 158 1455 Fert
169 1418 267 1454 seeum
276 1404 398 1472 spolium
405 1404 531 1470 sceleris3
540 1413 750 1485 progressaque
761 1414 844 1475 ports

90 1472 144 1523 Per
157 1471 267 1524 medios
283 1473 388 1538 hostes,
405 1476 513 1526 meritis
526 1476 631 1528 fiducia
645 1483 723 1527 tonte
740 1485 789 1541 est,

91 1540 223 1593 Pervenit
235 1541 271 1593 sd
281 1558 393 1612 regem:
412 1561 501 1614 quern
510 1547 550 1596 n'c
560 1544 647 1595 effata
662 1554 811 1612 paventem
824 1555 883 1600 est:

91 1611 183 1662 Suasit
199 1611 409 1665 amorfsoinus.
444 1613 538 1664 Proles
553 1630 605 1682 ego
618 1613 696 1683 regie
708 1613 767 1665 Nisi
813 1643 816 1648 ·
885 1670 888 1674 ἶ
930 1611 933 1632 ¹
1013 1626 1051 1680 90
1149 1660 1151 1664 .

91 1675 203 1748 Scyllam*
214 1680 267 1732 tihi
280 1681 362 1733 trudo
375 1681 550 1751 patriosque,
565 1697 698 1750 meosque
711 1684 840 1741 Penates.'

89 1749 219 1801 Praemia
229 1749 308 1801 nulls
317 1759 399 1818 peto,
416 1751 469 1802 nisi
480 1760 515 1801 ta.
550 1752 623 1818 Cspe
633 1750 734 1819 pignus
747 1753 851 1806 amoris
875 1781 877 1786 ·
963 1799 966 1806 .

89 1820 267 1887 Purpureum
282 1821 405 1872 crinem:
423 1836 476 1870 neo
489 1836 536 1870 me
549 1836 625 1871 nune
636 1818 749 1872 tradere
762 1823 879 1887 crinem,

90 1887 145 1939 Sed
162 1887 286 1955 petrium
301 1888 352 1941 tibi
368 1889 451 1941 crede
467 1897 571 1956 eaputs
598 1887 793 1958 scelerateque
803 1890 901 1947 dextra
988 1878 996 1895 Χ

89 1959 210 2008 Munere
222 1957 356 2023 porrexit.
390 1957 480 2009 Minos
493 1965 624 2025 porrecta
636 1956 754 2026 refugitt
794 2008 797 2013 ,
852 2017 855 2022 ,
882 1979 885 1986 ’
1013 1965 1054 2019 95·

88 2026 287 2093 Turbatusque
299 2027 381 2088 nori,
398 2026 557 2095 respondit,
575 2025 698 2104 imagine
714 2025 796 2080 faeti:

88 2096 165 2146 tute
179 2094 378 2162 submoveant,
397 2098 430 2148 o!
448 2095 537 2147 nostri
548 2095 666 2147 infamia
679 2094 771 2161 saecli,

90 2164 164 2215 Orbe
177 2179 247 2215 suo:-
262 2164 463 2234 tellusquetibi
475 2172 633 2233 pontusque
645 2173 790 2233 negentur.

90 2235 171 2285 Certe
183 2248 238 2302 ego
250 2250 308 2284 non
321 2234 424 2302 patiar,
443 2234 513 2285 Iovis
527 2232 710 2298 incunabula,
730 2235 839 2299 Creten,

91 2305 167 2366 Quae
180 2307 262 2353 meus
272 2311 312 2354 est
325 2303 415 2369 orbis,
432 2311 542 2354 tantum
556 2303 718 2373 contingere
734 2311 899 2361 monstrum.
975 2335 977 2342 ·
995 2307 1048 2364 100

89 2372 176 2424 Dixit:
196 2378 241 2436 et,
259 2380 291 2423 ut
302 2370 377 2442 leges
389 2373 478 2440 captis
489 2372 652 2424 iustissimus
667 2382 766 2425 auctor
976 2372 981 2376 “

89 2441 223 2493 Hostibus
233 2441 378 2509 imposuit,
397 2437 490 2493 olessis'
502 2441 658 2493 retinacula
670 2440 739 2493 solvi

90 2511 186 2576 Iussit,
206 2518 235 2561 et
246 2518 354 2561 aeratas
368 2510 473 2578 impelli
486 2510 594 2579 remige
607 2525 720 2578 puppes.

91 2579 197 2646 Scylla,
214 2578 288 2631 freto
300 2587 449 2649 postquam
461 2579 594 2631 deductas
604 2594 673 2630 nare
686 2576 802 2642 carinas,

90 2649 148 2700 Nec
158 2657 303 2717 praestare
315 2647 416 2701 ducem
426 2647 538 2700 sceleris
546 2647 600 2698 sihi
610 2646 736 2715 praemia
745 2645 827 2712 vidit3
993 2648 1044 2708 105

91 2716 247 2769 Consumtis
258 2718 386 2785 precibus
399 2717 550 2775 violentem
560 2716 659 2768 transit
670 2716 698 2766 in
711 2714 795 2784 iram:

90 2785 296 2856 Intendensque
307 2801 422 2853 manus,
436 2786 537 2855 sparsis
548 2784 700 2837 furibunde
713 2782 828 2853 capillis,

92 2857 152 2918 Quo
163 2855 256 2936 fugis,
274 2855 427 2922 exclamat,
442 2854 609 2907 meritorum
623 2861 737 2908 auctore
753 2853 860 2922 relicte,

93 2927 127 2976 0!
140 2934 250 2995 patriae
261 2925 385 2995 presiate
397 2940 491 2989 nisae,
504 2923 628 2992 praelate
637 2921 765 2992 parenti?

93 2996 152 3056 Quo
168 2994 261 3063 fugis,
276 2993 410 3046 immitis?
428 2993 505 3045 ouius
516 2993 634 3045 victorie
648 3000 776 3047 nostrum
878 3029 882 3037 ,
989 2992 1043 3050 110

92 3064 124 3113 Et
136 3063 226 3116 scelus
239 3071 269 3114 et
282 3064 416 3115 meritum
427 3072 476 3115 est.
510 3066 569 3115 Nee
584 3072 613 3114 te
628 3062 692 3113 date
705 3077 836 3127 munera,
852 3075 905 3115 neo
917 3068 949 3115 te

14 3138 16 3143 ⁴
93 3132 191 3185 Noster
202 3132 291 3183 movit
300 3145 395 3195 amor3
413 3148 466 3183 neo
480 3131 555 3201 quod
567 3148 628 3201 spes
642 3130 732 3184 omnis
745 3131 775 3182 in
788 3146 876 3182 unum

93 3201 131 3253 Te
142 3218 208 3253 mea
219 3210 351 3271 oongests
362 3202 423 3253 est?
441 3204 511 3252 Nam
526 3217 581 3271 quo
598 3200 707 3251 deserte
721 3198 865 3258 revertar?

93 3271 124 3320 In
135 3270 279 3338 patriam?
299 3279 428 3339 superata
441 3270 522 3322 iacet.
558 3269 612 3322 Sed
621 3268 698 3337 finge
713 3283 844 3320 manere:

94 3338 251 3391 Proditione
263 3355 328 3393 mea
339 3340 432 3393 clause
446 3347 488 3391 est
503 3336 580 3390 mihi.
614 3336 703 3389 Petris
717 3336 752 3388 ad
764 3334 834 3410 ora?
989 3326 1038 3383 115

132 3432 208 3469 evin.
228 3417 265 3471 11.
420 3486 422 3496 y
803 3412 836 3463 M

733 3571 737 3596 1
