2350 3834
100 226 125 288 6
210 265 215 276 .
296 270 300 277 .
365 220 804 279 aovrnnnssoms

171 368 277 438 Iupiter
289 364 396 436 antiqui
407 367 548 420 contraxit
557 375 688 437 tempora
700 369 795 423 reris:

173 441 282 506 Perque
294 435 409 503 hiemes,
427 446 583 506 aestusque,
601 448 629 489 et
642 439 802 510 inaequales
815 446 974 508 autmnnoa,

172 509 207 559 Et
224 507 308 573 breve
325 522 382 568 ver,
401 507 496 585 spatiis
508 507 601 626 erepit
615 517 735 576 quatuor
746 526 861 563 aunum.

109 580 116 593 ⁸
173 579 247 628 Tum
262 575 387 643 primum
399 576 479 627 siccis
495 579 544 627 a'er
570 576 713 631 erroribus
725 588 804 630 ustus

108 648 159 703 120
177 643 308 696 canduit:
327 652 355 695 et
369 645 456 696 ventis
469 645 572 715 glacies
586 645 719 701 adstricta
726 646 868 717 pependit.

175 716 247 765 Tum
262 714 385 781 primum
398 714 508 766 subiere
521 715 628 767 domos.
646 718 750 768 Domus
772 726 855 769 antra
867 714 993 781 neunt,

177 786 211 835 Et
225 781 302 833 densi
315 781 442 847 frutices,
460 793 490 835 et
502 783 612 835 vinctae
623 786 735 837 cortice
741 785 847 855 virgae.

178 850 361 903 seminatum
374 852 498 920 primum
511 853 602 923 longis
616 853 740 907 Cerealia
750 854 833 910 sulcis

175 920 280 972 Obruta
292 929 364 986 sunt,
375 922 524 992 pressique
537 921 604 991 iugo
619 939 752 993 gemuere
762 922 883 978 iuvenci.

108 990 159 1046 125
210 989 304 1040 Tertia
318 998 380 1058 post
394 989 455 1042 illas
469 992 603 1043 successit
614 995 701 1045 a'e‘uea
712 992 814 1065 proles,
830 1020 834 1029 ·

177 1058 289 1110 Saevior
303 1057 431 1129 ingeniis,
450 1059 524 1112 etad
537 1061 652 1113 borrida
664 1063 802 1130 promtior
817 1077 914 1114 armas

177 1131 236 1181 Nec
249 1126 385 1182 scelerata
397 1137 501 1182 tamen.
519 1133 559 1182 De
573 1129 643 1182 duro
658 1141 700 1183 est
710 1132 811 1183 ultima
823 1130 909 1183 ferro.

177 1197 306 1249 Protinus
319 1197 453 1265 irrumpit
467 1215 554 1251 venae
568 1200 672 1266 peioris
685 1201 716 1250 in
732 1215 833 1251 aevum
903 1249 905 1253 ,

180 1270 267 1317 Omne
283 1266 379 1317 nefas:
397 1265 496 1337 fugere
508 1266 609 1336 pudor,
626 1285 787 1337 verumque,
803 1267 943 1336 fidesquoz
967 1289 972 1299 ¹
1058 1282 1062 1301 >

110 1333 162 1391 130
178 1339 209 1386 In
225 1351 345 1402 quorum
355 1336 465 1387 subiere
477 1337 572 1389 locum
584 1336 761 1406 fraudesque,
778 1336 900 1405 dolique,

176 1402 360 1473 Insidiaeque,
380 1406 472 1470 atris,
491 1415 519 1458 et
532 1423 613 1456 amor
625 1406 776 1457 sceleratus
792 1404 923 1458 habendi.

178 1472 249 1524 Vela
263 1471 368 1524 dabant
380 1475 478 1539 ventis,
494 1491 548 1526 nec
562 1476 654 1539 adhuc
665 1476 737 1528 bene
751 1484 870 1531 noverat
879 1474 944 1527 illos

178 1542 292 1594 Navita:
311 1559 439 1612 quaeque
450 1544 496 1594 diu
509 1546 644 1595 steterant
658 1544 688 1595 in
702 1545 842 1597 montibus
853 1543 927 1609 altis,
1016 1562 1019 1569 ·

73 1612 78 1621 ‘
99 1620 103 1627 “
157 1634 159 1647 ·
178 1610 320 1662 Fluctibus
335 1612 437 1681 ignotis
450 1612 617 1665 insultavere
632 1614 752 1667 carinae.
783 1648 785 1653 -

114 1679 165 1737 135
182 1682 422 1749 Communemque
435 1682 520 1748 prius,
539 1699 591 1734 ceu
602 1682 708 1734 lumina
722 1682 791 1734 Solis
806 1690 834 1734 et
847 1697 937 1749 auras,

180 1751 280 1800 Cautus
293 1749 411 1802 humum
423 1749 510 1820 longo
522 1751 641 1821 signavit
652 1752 742 1804 limite
752 1768 873 1804 mensor.

180 1820 240 1870 Nec
254 1827 364 1871 tantum
377 1829 486 1888 segetes
498 1820 686 1890 alimentaque
698 1821 792 1874 debita
805 1821 885 1872 dives

179 1887 350 1940 Poscebatur
363 1888 480 1952 humus3
499 1889 549 1941 sed
559 1890 630 1941 itum
652 1899 694 1943 est
704 1891 734 1942 iu
745 1890 853 1945 viscera
863 1898 966 1940 terraer

137 1967 140 1972 ·
182 1959 312 2036 Quasque
325 1958 530 2018 recondiderat,
548 1960 704 2028 Stygiisque
718 1960 880 2012 admoverat
893 1955 1008 2022 umbris,

113 2025 166 2083 110
183 2024 358 2079 Effodmntur
370 2043 446 2095 opes,
462 2027 637 2080 irritamenta
651 2030 799 2081 malorum.
1018 2035 1020 2041 '

180 2098 240 2145 Iam
260 2111 295 2145 ue
304 2108 409 2147 nocens
420 2096 538 2162 ferrum,
555 2098 690 2166 ferroque
704 2098 849 2161 nocentius
863 2112 964 2149 aurum

182 2165 234 2215 Pro
258 2164 357 2216 'erantz
375 2165 470 2232 prodit
484 2166 529 2217 bel
544 2184 600 2229 um,
619 2167 694 2235 quod
708 2176 813 2237 pugnat
824 2175 955 2234 utroque,

183 2231 394 2302 Sanguinaeque
407 2250 494 2286 manu
508 2237 674 2304 crepitantia
684 2236 810 2288 concutit
823 2251 912 2289 arma.

183 2300 291 2351 Vivitur
304 2318 337 2352 ex
350 2311 447 2370 rapto:
465 2322 522 2356 non
535 2306 634 2372 hospes
649 2305 684 2355 ab
695 2305 806 2373 hospite
816 2312 902 2370 tutus,

114 2369 166 2427 145
182 2371 246 2421 Nou
258 2386 339 2423 socer
352 2387 368 2421 a
380 2388 499 2450 genero:
517 2373 639 2426 fratrum
651 2390 763 2443 quoque
775 2372 941 2453 gratiaram
955 2379 1007 2426 ast.

182 2438 313 2490 Imminet
324 2440 406 2493 exitio
420 2442 463 2495 vir
473 2443 608 2512 coniugis,
626 2443 674 2493 illa
690 2444 799 2494 mariti:

182 2506 286 2560 Lurida
297 2508 436 2561 terribiles
451 2512 570 2564 miscent
582 2511 692 2563 aconita
706 2528 861 2564 novercaet

183 2576 266 2631 Filius
282 2586 345 2629 ante
360 2577 434 2630 diem
448 2581 553 2648 patrios
563 2580 680 2650 inquirit
690 2581 719 2632 in
732 2597 828 2637 annos.

156 2658 158 2661 ·
183 2644 265 2698 Victa
279 2644 353 2698 iacet
363 2648 468 2701 Pietas:
488 2659 516 2701 et
529 2650 614 2720 Virgo
629 2649 879 2717 caedemadentes,

116 2713 168 2770 150
185 2714 289 2766 Ultima
304 2714 465 2781 coelestum,
484 2727 574 2770 terras
590 2726 700 2775 Astraea
713 2719 836 2787 reliquit.

218 2785 293 2834 Neve
308 2783 382 2836 foret
397 2787 478 2837 terris
491 2787 616 2839 securior
629 2788 731 2839 arduus
747 2788 861 2852 aetber;

183 2851 334 2905 Affectnse
351 2853 447 2911 ferunt
458 2873 578 2927 regnum
592 2856 711 2909 coeleste
727 2858 876 2928 Gigantea·

184 2919 302 2990 Altaque
316 2932 463 2993 congestos
476 2927 604 2976 struxisse
617 2925 652 2977 ad
665 2925 755 2978 sidera
769 2934 888 2978 montes.

184 2990 256 3043 Tum
269 2998 349 3068 pater
369 2993 544 3061 omnipotens
555 2996 638 3046 misso
651 2995 788 3064 perfregit
800 2995 950 3064 Olympum

117 3057 169 3115 155
186 3057 323 3125 Fulmme,
342 3068 371 3112 et
389 3063 506 3115 excussit
517 3063 642 3116 subiecto
655 3064 750 3127 Pelion
763 3069 853 3119 Ossae.

187 3125 293 3177 Obruta
306 3127 380 3180 mole
393 3147 441 3182 sua
456 3149 521 3183 cum
536 3149 656 3201 corpora
669 3133 729 3185 dira
741 3135 880 3194 iacereut;

183 3194 329 3248 Perfusam
341 3198 432 3251 multo
446 3209 576 3253 natorum
590 3203 724 3272 sanguine
738 3205 855 3255 Terram

139 3274 143 3279 ’
184 3264 332 3317 Incaluisse
346 3266 449 3337 ferunt,
467 3269 646 3340 calidumque
658 3272 792 3325 animasse
805 3284 950 3324 cruorem:

186 3333 230 3403 Et,
246 3350 283 3388 ne
296 3334 375 3389 nulla
387 3354 454 3391 suae
466 3340 558 3410 stripis
569 3331 753 3395 monumenta
764 3346 920 3407 manerent,
1023 3380 1026 3387 .
