2350 3834
269 238 714 295 METAMORPHOSEON
734 238 816 292 LIB.
837 239 888 293 111.
1017 234 1060 300 63

97 383 206 435 Votum
217 383 248 435 in
261 391 374 437 amante
385 400 505 448 novum3
521 385 633 451 vellem,
646 384 727 455 lquod
735 399 879 448 ‘amemua
892 382 1007 436 abesset.
1066 380 1068 389 ’

98 450 218 522 Iamque
231 452 314 505 dolor
325 453 396 504 vires
410 453 523 507 adimit:
539 472 593 508 nec
605 464 734 524 tempora
747 454 821 505 vitae

97 522 200 592 Longa
211 536 295 574 meae
305 531 450 591 superant,
468 524 615 594 primoque
626 524 788 594 exstinguor
802 522 832 573 iu
843 537 924 576 asro.
1006 518 1060 576 470

97 592 125 641 N
126 607 159 642 ec
174 591 247 642 mibi
256 606 332 643 mors
345 592 435 661 gravis
449 598 505 658 est,
523 595 650 662 posituro
662 603 757 645 morte
768 591 889 645 dolores.

96 661 168 725 liic,
188 660 238 730 qui
252 660 390 731 diligitur,
408 660 510 713 vellem
525 662 685 715 diuturnior
698 669 785 716 esset'

96 730 182 780 Nunc
195 729 251 781 duo
267 730 420 783 concordes
433 731 527 783 anima
541 732 697 783 moriemur
709 731 741 782 in
753 746 821 783 uua.

71 796 74 801 '
97 797 190 862 Dixit,
211 807 239 849 et
252 798 401 851 adfaciem
416 799 503 852 rediit
511 801 587 852 male
599 818 681 852 sanus
694 799 828 864 eandem3

96 868 133 918 Et
143 867 269 919 lacrimis
282 868 405 920 turbavit
417 884 519 938 aquas:
537 870 712 938 obscuraque
726 877 806 921 moto

95 936 219 988 Reddita
232 937 326 989 forma
336 937 401 989 lacu
415 947 463 990 est.
488 942 580 1002 Quem
593 955 660 990 cum
671 938 785 990 vidisset
797 935 892 998 abire3

97 1008 161 1068 Quo
175 1005 269 1077 fugis?
287 1023 444 1072 oremsne3
463 1023 592 1071 nscme,
610 1007 748 1073 crudelis,
765 1012 908 1057 amantem

95 1076 216 1141 Desere,
235 1075 382 1128 clamavit:
397 1075 501 1143 licen,
520 1077 596 1146 quod
607 1085 725 1146 tangere
735 1092 793 1127 non
807 1082 858 1139 est,

95 1143 264 1213 Adspicere,
283 1154 311 1197 et
325 1144 428 1197 mismo
439 1146 575 1214 praebere
587 1146 722 1198 alimenta
735 1144 838 1196 furori.

95 1214 228 1282 Dumque
241 1213 336 1281 dolet,
352 1231 460 1266 summa
474 1225 579 1268 vestem
593 1215 706 1268 deduxit
718 1215 754 1266 ab
770 1229 830 1280 oro,
907 1273 914 1287 t

94 1282 234 1351 Nudaque
248 1284 413 1335 marmoreis
424 1285 561 1352 percussit
573 1294 690 1354 pectora
700 1282 809 1353 palmis.

55 1404 60 1411 s
93 1352 216 1404 Pectora
228 1360 372 1404 traxerunt
386 1362 502 1405 tenuem
516 1370 648 1422 percussa
661 1354 810 1415 ruborem3

93 1421 159 1472 Non
171 1420 269 1488 aliter,
288 1438 373 1492 quam
386 1439 471 1491 poma
483 1423 590 1489 solent,
608 1438 680 1493 quae
694 1421 814 1474 candida
827 1425 922 1489 parte,

92 1490 177 1541 Parte
188 1490 307 1543 rubent:
331 1499 379 1545 aut
391 1500 423 1543 ut
433 1491 516 1543 variis
528 1492 601 1545 solet
609 1508 665 1544 uva
678 1491 798 1555 racemis

92 1560 204 1616 Ducere
216 1576 403 1628 purpureum,
419 1561 546 1613 nondum
559 1571 687 1627 matura,
706 1560 842 1613 colorem.

94 1630 174 1690 Quae
187 1628 273 1680 simul
284 1628 408 1698 adspexit
418 1629 571 1701 liquefacta
585 1647 680 1682 rursus
691 1630 721 1680 in
734 1629 825 1695 unda;

92 1699 158 1749 Non
170 1697 238 1748 tulit
251 1697 381 1761 ulterius3
398 1698 461 1761 sed,
478 1709 509 1750 ut
520 1699 697 1752 intabescere
709 1699 802 1752 flavae

90 1769 162 1836 Igne
175 1766 231 1817 levi
247 1783 344 1832 cerae,
361 1769 548 1821 matutinaere
562 1769 681 1838 pruinas

91 1835 159 1887 Sole
172 1844 285 1904 tepente
298 1835 402 1904 solent,
420 1837 459 1889 sic
473 1846 634 1890 attenuatus
646 1854 747 1890 amore

89 1903 240 1974 Liquitur,
259 1913 287 1956 et
299 1920 384 1957 caeco
398 1906 533 1974 paulatim
550 1908 676 1976 carpitur
687 1907 755 1977 igni.
792 1940 795 1945 «
837 1932 841 1939 ·

88 1975 127 2025 Et
139 1989 232 2053 neque
247 1973 305 2026 iam
319 1974 399 2026 color
411 1984 451 2027 est
464 1976 547 2028 misto
563 1976 688 2028 candore
700 1973 806 2035 rubori,
899 1994 902 2001 ’

88 2044 152 2096 Nec
166 2059 261 2114 vigor,
282 2052 311 2095 et
323 2044 412 2109 vires,
431 2053 460 2096 et
472 2061 545 2114 quae
556 2045 644 2097 modo
655 2046 715 2096 visa
727 2040 888 2112 placebant,

88 2114 152 2165 Nec
169 2129 271 2181 corpus
284 2121 427 2180 remanet,
445 2114 586 2183 quondam
600 2113 676 2184 quod
687 2117 830 2164 amaverat
845 2107 931 2161 Echo.

10 2186 11 2191 ’
89 2184 172 2245 Quae
186 2189 283 2233 tamen
297 2189 330 2232 ut
343 2182 429 2249 vidit,
447 2183 572 2252 quumvis
583 2183 656 2235 irata
668 2194 843 2250 memorque,

32 2312 36 2316 ¹
86 2249 228 2304 Indoluit:
245 2251 412 2321 quotiesque
427 2269 497 2321 puer
510 2253 689 2315 miserabilis,
706 2251 791 2314 Eheu,

86 2320 222 2372 Dixerat:
237 2320 311 2373 haec
321 2321 426 2372 resonis
442 2322 564 2373 iterabat
574 2322 705 2387 vocibus,
723 2319 810 2372 Eheu,

86 2390 218 2458 Cumque
231 2406 296 2441 suos
309 2390 436 2441 manibus
447 2400 623 2460 percusserat
636 2390 688 2443 ille
700 2391 831 2452 lacertos,

85 2460 168 2510 Haec
182 2475 294 2528 quoque
307 2458 443 2510 reddebat
459 2460 581 2512 sonitum
594 2460 738 2529 plangoris
752 2455 884 2510 aliodem.

86 2526 196 2579 Ultima
207 2545 262 2580 vox
272 2527 384 2580 solitam
395 2528 450 2579 fuit
466 2529 536 2580 baec
548 2546 560 2579 s
598 2529 698 2580 stantis
712 2528 741 2578 iu
754 2524 879 2577 undam:

85 2598 153 2648 Heu
167 2595 272 2648 frustra
287 2596 387 2649 dilecte
400 2601 485 2666 pueri
500 2546 677 2666 totideemque
690 2595 799 2647 remisit

85 2664 184 2716 Verba
198 2665 289 2719 locus:
307 2665 439 2735 dictoque
452 2666 534 2732 Vale,
550 2667 621 2718 Vale
635 2666 727 2734 inquit
741 2672 770 2714 et
785 2659 870 2713 Echo.

83 2732 141 2786 Ille
152 2744 240 2803 caput
253 2734 334 2786 viridi
347 2735 452 2786 fessum
465 2736 593 2787 submisit
604 2735 633 2786 in
647 2734 750 2786 herba:

82 2802 209 2855 Lumina
221 2821 277 2856 nox
289 2803 412 2870 claudit,
430 2804 539 2857 domini
551 2804 685 2857 mirantia
695 2803 828 2854 formam.

82 2873 163 2923 Tum
179 2889 289 2943 quoque
300 2889 343 2935 se,
362 2881 512 2943 postquam
530 2883 571 2926 est
585 2874 696 2926 inferna
707 2869 773 2923 sede
784 2875 923 2938 receptus,

81 2944 119 2993 In
135 2943 232 3013 Stygia
243 2943 388 3011 spectabat
402 2959 482 3011 aqua.
508 2943 644 2996 Planxere
656 2957 768 3003 sorores
994 2931 1045 2986 505

81 3009 203 3075 Naides,
222 3020 250 3063 et
260 3019 350 3062 sectos
361 3012 442 3062 fratri
454 3028 572 3081 posuere
586 3011 710 3081 capillos.

80 3078 223 3132 Planxere
234 3088 261 3133 et
275 3080 405 3148 Dryades.
422 3080 616 3152 plangentibus
630 3088 742 3132 assonat
752 3076 837 3129 Echo.

44 3208 47 3216 Ι
80 3151 204 3216 lamque
215 3164 331 3219 rogum,
351 3150 517 3220 quassasque
526 3151 616 3216 faces,
632 3150 826 3214 feretrumque
840 3139 991 3212 parabant:

78 3219 233 3285 Nusquam
245 3232 347 3285 corpus
362 3227 440 3270 eratr
456 3235 589 3272 croceum
597 3235 649 3288 pro
665 3235 715 3270 cor
735 3232 784 3268 ore
795 3215 898 3266 florem

78 3286 251 3354 inveniunt,
268 3286 343 3339 solus
357 3287 482 3339 medium
498 3289 674 3359 angentibus
689 3235 767 3338 siis.
789 3308 803 3321 ·-
989 3268 1041 3324 ⁵1⁰

119 3355 298 3425 cognitam
307 3357 440 3411 meritam
451 3357 508 3410 vati
517 3374 571 3428 per
584 3356 718 3411 Achaidas
730 3354 815 3408 nrbes
867 3382 869 3391 ι
1008 3333 1049 3424 p
