2350 3834
197 230 201 235 ’
237 240 685 301 utramonauosaou
705 245 787 301 Lus.
810 212 891 306 xm

82 385 239 456 Impavidus
254 382 419 451 conscendit
433 384 518 458 equos
532 382 683 457 eraditis}
698 384 728 443 'et
736 390 796 443 ictu

82 457 210 508 verberis
223 457 372 525 increpuit:
385 472 562 539 pronumque
575 476 627 578 lm
638 463 703 512 adra
717 460 819 531 lapsus,

83 526 212 578 Constitit
223 527 252 578 in
265 542 374 578 summo
387 542 528 590 nemorosi
543 545 576 580 co
589 528 617 580 le
626 529 729 584 Palati:

34 606 37 611 ⁴
82 595 254 649 Reddentem
276 611 310 646 ue
322 611 372 646 suo
385 595 443 647 iam
456 596 535 666 regia
545 596 608 648 iura
622 598 723 661 Quiriti
766 612 768 617 '

82 664 203 717 Abstulit
213 613 324 717 Iliaden.
343 667 447 733 Corpus
462 665 583 717 mortale
596 683 648 734 per
661 684 743 719 auras

82 735 226 804 Dilapsum
239 743 349 786 tenues:
364 750 416 785 ceu
426 733 485 785 lata
497 733 629 801 plumbea
643 735 733 788 funda

82 803 166 856 Missa
175 803 247 855 solet
259 802 352 854 medio
366 802 444 872 glans
456 802 631 855 intabescere
646 805 736 860 coelo.

81 872 185 924 Pulcra
199 872 273 923 subit
284 871 378 936 facies,
393 871 621 940 etpidvinaribus
636 873 699 925 altis
767 918 774 937 „

81 942 210 1012 Dignior,
228 949 257 992 et
273 936 361 1021 qualis
371 940 492 992 trabeati
503 941 597 993 forma
610 938 728 1004 Quirini.
823 958 829 970 ·
852 962 857 969 ·

81 1010 181 1064 Flebat
193 1016 225 1065 ut
236 1026 368 1075 amusum
383 1009 491 1075 coniux,
506 1027 571 1063 cum
583 1012 662 1081 regia
674 1015 745 1069 Iuno

82 1080 138 1133 lriu
152 1078 190 1132 ad
204 1078 351 1131 Hersiliam
362 1077 529 1130 descendere
540 1079 633 1132 limite
645 1094 732 1132 curvo

82 1152 216 1219 Imperat,
236 1157 270 1200 et=
280 1163 385 1199 vacuae
394 1164 443 1198 sua
455 1147 499 1200 sic·
508 1148 640 1200 mandata
654 1149 781 1204 referret

61 1238 65 1243 “
117 1223 139 1270 0
154 1227 183 1272 et
196 1217 330 1287 debetia,
346 1234 363 1269 o
374 1225 402 1269 et
415 1215 450 1268 de
464 1228 547 1289 geute
562 1218 667 1283 sabina*
699 1222 702 1227 ⁴

81 1289 279 1357 Praecipuum,
293 1295 432 1352 matrona,
447 1287 540 1354 decus,
556 1287 716 1358 dignissima
729 1286 801 1341 tanti

81 1362 153 1412 Ante
168 1356 256 1408 fuisse
270 1357 331 1422 viri,
346 1355 448 1409 coniux
462 1374 537 1409 nunc
551 1373 609 1408 esse
624 1358 741 1426 Quirini,

81 1429 152 1479 Siste
166 1437 231 1478 tuos
245 1426 341 1478 fletus:
360 1433 397 1493 et,
409 1426 432 1477 si
444 1426 499 1477 siin
506 1436 576 1478 rura
585 1426 699 1478 ridendi

80 1495 216 1577 Coniugis
228 1503 277 1556 est,
291 1494 361 1547 duce
374 1512 420 1546 me
430 1495 527 1547 lucum
539 1502 613 1576 pete,
630 1495 703 1553 colle
719 1494 835 1557 Quirine

81 1567 136 1630 Qui
150 1573 236 1631 viret,
250 1564 640 1634 ettemplum'llomammegis
653 1564 811 1620 obumbrat.

78 1639 172 1701 Paret,
190 1642 221 1686 et
234 1634 263 1685 iu
277 1642 384 1705 terram
397 1634 486 1703 pictos
500 1633 613 1713 delapsa
627 1650 680 1702 per
690 1650 781 1701 arcus,

79 1704 238 1758 Hersiliam
252 1702 329 1754 iussis
343 1701 494 1770 compellat
506 1702 622 1754 vocibus
635 1701 694 1756 Iris.

79 1774 132 1827 llla
142 1771 313 1826 verecundo
320 1771 365 1823 vix
375 1771 475 1823 tollens
487 1771 595 1823 lumina
608 1771 697 1838 vultu,

81 1848 102 1895 0
122 1844 187 1911 dea,
199 1857 323 1910 namque
331 1840 413 1909 mihi,
425 1857 478 1892 nec
490 1857 562 1910 quae
574 1839 610 1894 sis
622 1839 716 1895 dicere
728 1842 873 1908 promtum
886 1848 938 1911 est,
1010 1880 1013 1885 -

80 1916 116 1965 Et
128 1913 225 1983 liquet
239 1925 297 1962 esse
306 1908 400 1977 deum,
414 1909 477 1979 duc,
492 1927 508 1961 o
525 1909 588 1977 duc,
606 1908 705 1979 inquit,
721 1919 749 1961 et
764 1910 836 1963 offer
927 1938 928 1941 ¹
950 1959 953 1963 Δ

51 1979 219 2052 .Coniugis
235 1995 285 2031 ora
298 1978 382 2031 mihi:
401 1977 605 2048 quaesimodo
619 1996 700 2048 posse
713 1978 809 2030 videre
855 2040 857 2043 ι
952 2033 954 2036 ⁴

81 2054 151 2105 Fata
163 2048 255 2117 semel
266 2047 401 2113 dederint,
421 2047 532 2101 coelum
545 2047 684 2117 accepisse
699 2046 822 2101 fatebor.

81 2123 141 2175 Nec
156 2135 251 2185 mora,
267 2116 416 2185 Romuleos
431 2134 497 2170 cum
509 2117 618 2189 virgine
631 2116 823 2170 Thaumantea
989 2113 1043 2174 845

80 2189 248 2262 Ingreditur
259 2186 352 2240 colles.
370 2186 412 2238 lbi
426 2186 500 2238 sidus
513 2187 547 2238 ab
565 2186 677 2238 aethere
690 2185 802 2256 lapsum

80 2258 197 2312 Decidit
211 2258 240 2308 in
253 2264 357 2308 terras:
376 2273 394 2307 a
407 2255 484 2309 cuius
496 2255 602 2308 lumine
613 2255 736 2327 flagrans
803 2260 806 2271 ’

80 2327 224 2382 Hersiliae
237 2324 321 2378 crinis
334 2342 400 2378 cum
413 2325 502 2377 sidere
516 2326 598 2381 cessit
608 2326 639 2376 in
653 2341 743 2378 auras.
793 2330 795 2333 ’

80 2402 163 2451 Hanc
179 2395 311 2448 manibus
323 2392 397 2447 notis
407 2397 549 2459 Romanae
562 2394 691 2447 conditor
704 2393 782 2447 urbis
863 2394 875 2404 “’

80 2467 204 2537 Excipit,
227 2464 389 2533 et'priscum
401 2466 507 2533 pariter
521 2481 587 2516 cum
602 2480 721 2585 cordpore
734 2478 840 2514 nomen
991 2460 1045 2518 850

79 2538 184 2600 Mutat,
202 2536 466 2610 Horamquavocat5
480 2550 634 2604 quaenunc
661 2528 987 2607 eaiunctaQuirinoest„
