2350 3834
130 224 197 292 tta
296 265 312 308 1.
401 219 434 279 1³.
456 200 824 276 0v1n11rt'nsouts
926 270 929 275 ⁴

163 378 182 429 ’,
199 367 386 441 Impositaque
397 382 485 420 manu
494 365 595 420 volnus
611 366 698 433 fovet,
721 383 828 439 oraque
844 367 882 422 ad
899 382 955 427 orsu

128 439 181 500 0225
197 441 343 506 Admovet,
359 446 443 518 atque
461 436 570 489 animae
584 437 703 508 fugienti
714 438 849 491 obsistere
867 448 968 494 tentat.

177 570 180 574 Α
194 514 235 563 Ut
247 510 323 562 videt
335 515 510 571 exstinctum,
528 506 617 572 dictis,
635 523 706 576 quae
722 507 831 560 clamor
844 507 887 560 sd·
901 525 984 562 aures

196 579 295 632 Arcuit
299 577 348 643 ire
365 593 452 640 meas,
468 575 536 639 telo,
554 575 631 645 quod
648 575 805 628 inhaeserat
820 577 873 642 illi,

195 646 335 713 Incubuit,
354 646 532 714 moriensque
544 661 627 697 suum
640 646 787 714 complexa
803 647 937 700 maritum
955 656 1007 704 est.
1034 656 1036 662 '

169 742 180 775 i
196 718 268 770 Ante
286 715 382 768 oculos
394 722 449 765 stat
464 723 492 765 et
503 714 553 767 ille
563 731 651 779 meos,
670 715 718 784 qui
735 731 802 774 sena
818 715 934 770 leonum

127 787 182 846 480
198 788 331 838 Vinxerat
344 785 417 836 inter
435 799 463 835 se
481 786 610 836 connexis
622 783 727 835 vellera
738 784 829 849 nodis,
915 824 916 829 ¹

195 857 399 919 Phasocomes,
416 852 616 922 hominemque
629 852 862 921 simulprotectus
874 871 1052 928 equumquss

196 925 299 978 Codice
312 924 360 994 qui
377 922 471 988 misso,
490 939 575 992 quem
592 921 639 974 rix
652 922 718 993 iuga
729 923 795 974 bina
809 935 958 978 moverent
1027 970 1031 977 .

194 998 302 1059 Iuncta,
318 991 526 1045 Phonoleniden
538 1009 555 1044 a
570 998 681 1043 summo
699 993 805 1045 vertice
818 992 917 1064 fregit.

170 1098 175 1109 ·
195 1056 294 1116 Fracta
307 1060 465 1129 volubilitas
479 1062 578 1130 capitis
592 1060 743 1114 latissima:
773 1079 933 1132 perquem,

125 1131 178 1191 435
194 1136 245 1185 Per
265 1149 300 1184 ue
314 1147 395 1183 cavas
407 1146 497 1196 nares,
517 1130 679 1200 oculosque,
704 1146 850 1203 amesque,
882 1131 1031 1188 cerebrum

193 1151 280 1255 Molle
296 1201 374 1252 fluit:
391 1198 477 1250 veluti
492 1208 660 1253 concretum
673 1200 777 1252 simine
794 1217 901 1270 querno

194 1264 252 1326 Lac
264 1269 344 1335 solet,
369 1278 435 1320 utve
447 1267 541 1348 liquor
558 1268 615 1320 rari
628 1269 680 1320 sub
691 1270 815 1337 pondere
834 1269 921 1322 cribri

193 1344 298 1402 Manat,
316 1347 344 1391 et
372 1338 537 1406 exprimitur
548 1355 600 1406 per
612 1337 697 1389 densa
709 1338 850 1391 foramina
861 1339 972 1408 spissus.

57 1454 64 1467 ,
162 1444 174 1452 «ι
195 1414 244 1462 Ast
255 1424 317 1478 ego,
336 1407 403 1458 dum
416 1411 499 1475 parat
513 1407 589 1458 hune
607 1407 691 1458 armis
707 1408 814 1460 nudare
829 1408 978 1476 iacentem,
1068 1444 1077 1460 ὁ

125 1478 177 1536 440
194 1480 253 1530 Scit
267 1487 337 1528 tuus.
347 1475 403 1528 hoc
439 1475 537 1538 enitor,
554 1475 680 1547 gladium
696 1477 841 1546 spoliantis
857 1478 887 1529 in
903 1480 963 1531 ima

193 1548 246 1601 Ilia
262 1545 368 1605 demisi.
405 1545 556 1597 Cthonins
573 1561 694 1616 quoque,
720 1547 911 1617 Teleboasque
1017 1601 1019 1609 s

193 1620 264 1671 Ense
280 1616 375 1668 iacent
389 1622 497 1676 nqstro.
530 1617 651 1666 Remum
665 1615 744 1684 prior
759 1616 807 1667 ille
823 1617 968 1670 bifurcum

194 1689 337 1739 Gesserat:
354 1684 401 1736 hic
414 1683 546 1739 iaculum.
581 1683 677 1736 laculo
692 1685 761 1737 mihi
776 1685 893 1738 vulnera
909 1686 987 1742 fecit.

164 1780 172 1796 ι
193 1757 278 1827 Signa
295 1754 385 1807 vides:
417 1763 535 1823 apparet
545 1752 638 1805 adhuc
650 1762 729 1806 vetus
741 1771 809 1808 ecce
822 1755 947 1810 cicatrix.

124 1825 176 1884 445
193 1829 273 1878 Tunc
289 1841 341 1895 ego
360 1823 511 1877 debueram
523 1822 660 1892 capienda
671 1823 707 1875 ad
719 1826 855 1894 Pergama
868 1823 958 1891 nitti3

192 1897 273 1947 Tunc
290 1902 417 1962 poteram
432 1893 538 1964 magni,
556 1892 579 1944 si
588 1909 645 1944 non
660 1909 802 1961 superare,
818 1894 927 1947 morari

194 1963 322 2016 Hectoris
333 1976 412 2015 arma
426 1963 504 2015 meis.
540 1961 592 2014 Illo
605 1961 654 2014 sed
666 1971 794 2030 tempore
809 1963 912 2027 nullus,

193 2039 248 2086 Aut
262 2050 333 2102 puer
349 2035 453 2084 Hector
469 2039 538 2086 erat.
578 2033 660 2083 Nunc
677 2048 725 2083 me
738 2048 802 2084 mea
816 2031 912 2085 deficit
924 2038 1007 2090 satas,

151 2133 168 2141 -·
192 2102 266 2167 Quid
276 2102 327 2155 tibi
341 2102 479 2154 victorem
493 2099 600 2172 gemini
611 2099 777 2169 Periphanta
793 2103 903 2169 Pyreti3
927 2116 930 2121 ⁴

122 2173 176 2232 450
190 2178 316 2243 Ampyca
334 2170 400 2290 quid
415 2169 558 2222 referam?
591 2170 640 2239 qui
654 2169 891 2243 quadrupedantis
914 2171 991 2225 otoli

190 2241 263 2294 Fixit
274 2242 303 2293 in
317 2257 333 2291 a
354 2255 431 2291 verso
445 2254 564 2292 cornum
575 2238 635 2290 sine
648 2239 762 2308 cuspide
774 2240 862 2295 vultu.

189 2313 275 2364 Vecte
292 2309 500 2361 Pelethronium
513 2309 659 2359 Macareus
668 2307 699 2359 in
720 2317 817 2377 pectus
829 2309 931 2362 adacto

190 2379 295 2431 Stravit
305 2377 488 2448 Erigdupum.
524 2376 649 2429 Memimi
662 2386 690 2429 et
702 2378 840 2429 venabula
855 2379 942 2431 condi

160 2476 167 2486 ·
187 2449 312 2520 inguine,
330 2447 568 2499 Nesseismanibus
585 2446 722 2511 coniecta,
738 2446 852 2515 Cymeli.

121 2519 173 2578 455
189 2523 248 2571 Nec
260 2527 291 2569 tu
303 2516 453 2570 credideris
464 2525 576 2568 tantum
588 2516 722 2568 cecinisse
739 2515 837 2569 futura

189 2587 361 2656 Ampyciden
374 2588 509 2655 Mopsum,
545 2586 643 2652 Mopso
659 2585 799 2637 iaculante
816 2585 945 2640 biformis

189 2657 337 2720 Occubuit‚
354 2656 512 2725 frustraque
525 2653 606 2723 loqui
617 2656 737 2706 tentavit
755 2654 855 2718 Odius,

188 2726 231 2777 Ad
244 2735 372 2778 mentum
384 2725 491 2796 lingua,
509 2731 661 2792 mentoque
673 2723 709 2775 ad
760 2732 837 2776 ttura
853 2724 919 2780 fixo.

130 2826 132 2829 -
160 2856 163 2861 ξ
190 2792 721 2864 QuinqueneciCaeneusdederat,8typ
742 2792 882 2864 elumque,
891 2799 1073 2865 Bromumque

119 2862 174 2918 460
190 2861 1074 2933 Antimachumque,Helimumque‚secnriierumqael’yraomon.
1147 2882 1148 2885 ’

188 2932 309 2984 Vulnera
322 2949 378 2983 non
397 2931 531 2983 meminis
551 2947 710 2996 numerum,
727 2948 886 3003 nomenque
902 2934 1004 2988 notati.
1040 2956 1045 2963 ·

188 3001 318 3053 Provolat
333 3000 451 3053 Emathii
468 2999 562 3069 spoliis
579 3008 702 3074 wmatqis
720 3000 821 3069 Halesi
894 3026 897 3035 =

187 3073 277 3132 Quem
289 3070 404 3122 dederat
420 3070 489 3134 leto,
508 3070 642 3120 membris
659 3078 687 3121 et
699 3086 819 3139 corpore
836 3073 952 3124 Latreus

158 3158 172 3191 e
187 3138 337 3191 Maximus·
365 3138 437 3190 Huic
451 3138 526 3189 aetas
538 3137 612 3190 inter
621 3137 815 3209 iuvenemque,
832 3157 992 3212 senemque.

119 3203 171 3260 465
188 3207 234 3257 Vis
247 3206 371 3259 iuvenilis
386 3214 459 3259 erat:
476 3205 623 3257 variabant
642 3215 772 3276 tempora
785 3211 858 3263 cani.

189 3274 242 3336 Qui
253 3275 352 3354 clipeo,
369 3274 513 3350 galeaque,
530 3274 748 3358 Macedoniaque
760 3278 860 3330 sarissa

182 3344 366 3412 Conspicuus,
382 3342 540 3414 faciemque
558 3344 690 3400 obversus
701 3358 732 3399 tn
742 3362 845 3420 Quaen
858 3356 1014 3420 mmmm
