2350 3834
163 150 225 262 140
448 193 483 248 P.
505 191 652 248 OVIDll
671 190 863 247 NASONIS

159 340 214 401 880
228 341 302 393 Dum
314 338 389 391 levat
398 335 476 390 huno
488 335 600 397 Peleus,
618 334 741 390 celerem
753 338 883 411 Tegeaea
893 339 1026 413 sagittam

228 408 364 478 1m1iosuit
377 424 479 467 nervo,
495 407 661 476 sinuatoque
675 407 781 476 expulit
792 425 869 463 arcu.

227 479 293 532 Fixa
306 477 356 529 suh
370 493 439 529 aure
449 476 505 528 feri
519 492 662 528 amnmum
674 473 823 547 destringit
834 476 943 533 annuo

229 549 348 616 Corpus,
366 554 394 597 et
411 545 510 617 exiguo
523 544 665 597 rubefecit
677 546 812 625 sanguine
824 555 907 602 setae.

228 617 288 669 Nec
302 624 398 667 tamen
408 614 460 667 illa
472 613 516 666 sui
529 631 657 667 successu
670 612 771 667 laetior
782 614 862 676 ictus,

158 685 212 744 885
230 687 322 749 Quam
333 683 490 755 Meleagros
504 692 574 736 erat.
608 682 716 736 Primus
732 684 832 737 vidisse
840 692 966 754 putauit,

134 774 138 783 ¹
228 756 262 807 Et
275 752 382 822 primus
396 753 479 806 sociis
495 752 586 805 visum
598 751 750 805 ostendisse
763 770 911 808 cruoremz

227 823 278 889 Et,
296 821 443 883 Meritum,
460 821 575 889 dixisse,
594 820 668 874 feres
684 821 793 875 virtutis
805 823 953 878 honorem.

228 892 372 944 Erubuere
383 891 448 952 viri,
465 906 551 961 seque
566 889 764 958 exhortantur,
782 900 811 945 et
824 892 932 948 addunt

228 962 299 1013 Cum
311 960 436 1014 clamore
447 960 569 1020 animos,
585 958 749 1029 iaciuntque
761 960 820 1013 sine
834 961 933 1014 ordine
946 960 1013 1019 tela

158 1027 212 1087 890
227 1030 322 1083 Turba
332 1040 417 1083 nocet
427 1029 520 1090 iactis,
539 1037 580 1089 et,
598 1045 667 1099 quos
679 1029 763 1097 petit,
781 1029 900 1099 impedit
912 1030 996 1088 ictas.

225 1101 313 1153 Ecce!
330 1098 426 1151 furens
438 1107 539 1151 contra
550 1114 602 1149 sua
617 1096 678 1152 fata
687 1098 847 1166 bipennifer
858 1103 951 1164 danae.

225 1167 344 1236 Discite,
362 1167 493 1221 femineis
505 1166 573 1237 quid
587 1166 646 1219 tela
659 1166 751 1219 virilia
765 1176 918 1236 praestent,

227 1238 391 1303 O'iuvenes,
409 1236 543 1306 operique
554 1252 620 1289 meo
635 1235 797 1299 concedite,
813 1236 895 1291 dixit..
954 1281 960 1288 .

181 1341 185 1346 -
226 1304 288 1375 Ipsa
298 1305 353 1357 suis
364 1304 433 1358 licet
445 1305 520 1357 hunc
531 1304 649 1357 Latonia
662 1313 742 1374 prote
763 1314 792 1358 at
800 1307 901 1371 armis3
983 1351 985 1356 ⁴

155 1372 209 1431 895
226 1376 307 1427 Hunc
321 1382 417 1425 tamen
431 1373 518 1426 invita
528 1374 651 1442 perimet
661 1391 728 1427 mea
743 1323 840 1428 dextra
851 1376 951 1430 Diana.
978 1417 982 1424 .

225 1442 304 1497 Talia
316 1441 498 1513 magniloquo
514 1443 638 1496 tumidus
654 1452 862 1498 memoraverat
871 1459 938 1497 ore:

225 1511 440 1591 Ancipitemque
453 1528 540 1564 manu
549 1510 653 1564 tollens
667 1520 788 1582 utraque
801 1513 933 1581 securim,

224 1581 367 1635 institerat
378 1580 405 1633 dl
428 1579 485 1642 tis,
500 1580 608 1650 primos
619 1597 765 1651 stupemus
777 1581 808 1634 in
822 1591 909 1637 artua

224 1654 349 1721 Occupat
361 1666 398 1702 au
418 1666 512 1710 acam,
530 1667 586 1719 qua
626 1666 642 1702 e
656 1659 699 1702 eat
710 1650 894 1721 viapmaima
905 1650 975 1716 leto,

155 1716 210 1777 400
224 1724 340 1773 Summa
353 1719 429 1772 fenis
442 1717 570 1789 geminos
585 1666 687 1771 diiexit
698 1718 728 1771 in
744 1719 861 1791 inguina
872 1718 978 1776 densa.

225 1788 351 1842 Concidit
360 1793 499 1841 Ancaeus:
518 1788 730 1859 glomerataque
743 1789 878 1859 sanguine
891 1788 984 1842 multo

224 1858 338 1911 Viscera
347 1857 425 1928 lapsa
434 1857 542 1919 fluunt,
559 1857 775 1928 madefactaque
787 1866 978 1914 temeritate
992 1863 1039 1912 ett-

224 1927 286 1980 lbat
300 1926 329 1978 in
345 1926 506 1994 adversum,
524 1926 618 1995 proles
631 1927 748 1986 Ixionis,
765 1926 881 1980 hostem.

156 2053 159 2057 ,
222 1995 374 2057 Pirithous,
391 1995 483 2049 valida
495 1996 623 2066 quatiens
635 1995 772 2050 venabula
785 1996 893 2050 dextra.

154 2061 209 2121 405
225 2064 275 2117 Cui
286 2065 387 2135 procul
399 2065 530 2136 Aegides,
548 2069 569 2115 0
585 2080 633 2117 me
650 2064 720 2117 mini
732 2064 841 2127 carior,
856 2064 963 2138 inquit,¹

221 2135 288 2188 Pars
303 2135 412 2188 animae
426 2134 545 2186 consiste
557 2150 655 2187 meae:
672 2133 740 2187 licet
752 2134 860 2190 eminus
875 2149 934 2188 esee

223 2203 366 2257 Fortibus:
387 2209 499 2256 Ancaeo
513 2202 612 2255 nocuit
628 2204 777 2256 temeraria
791 2202 887 2258 mnu.

222 2272 309 2325 Dixit:
328 2281 356 2324 et
368 2280 463 2323 aerata
476 2271 559 2324 torsit
571 2288 657 2342 gram
670 2272 783 2341 cuspide
791 2288 930 2334 cornum:

224 2344 286 2405 Quo
301 2341 501 2405 benennam,
518 2341 632 2411 votique
644 2349 760 2409 potente
768 2341 877 2408 futuro,

153 2405 208 2466 410
223 2410 335 2462 Obstitit
345 2409 473 2462 aestatlea
486 2408 637 2462 frondosus
646 2410 682 2463 ab
694 2410 795 2464 arbore
809 2427 917 2464 samm.

221 2478 295 2532 Misit
307 2488 335 2531 et
346 2479 494 2532 Aesonides
505 2478 645 2531 iaculum:
663 2479 739 2549 quod
753 2496 832 2532 casus
844 2480 879 2531 ab
892 2477 948 2533 illo

221 2548 314 2601 Vertit
328 2548 361 2601 in
370 2548 505 2602 mimeriti
517 2546 761 2609 immimentis,
780 2555 823 2614 et,
838 2548 915 2603 iuter

220 2616 273 2670 Ilia
286 2618 460 2681 coniectum,
477 2617 579 2670 tellure
592 2633 644 2685 per
656 2616 706 2669 ilia
716 2616 803 2670 fixum
819 2626 870 2671 est.

221 2689 256 2738 At
268 2704 367 2739 manus
380 2686 501 2739 Oenidae
514 2686 616 2738 variat:
632 2686 780 2758 missisque
792 2686 914 2749 duabu,

151 2749 205 2810 415
221 2757 305 2807 Hasta
317 2754 396 2825 prior
410 2765 500 2819 terra,
517 2754 611 2808 medio
623 2754 700 2808 stetit
709 2756 799 2809 altera
809 2763 900 2826 tergm

220 2825 280 2877 Nec
291 2841 384 2877 mora:
406 2824 473 2877 dum
483 2823 586 2890 saevit,
604 2822 672 2878 dum
685 2841 807 2893 corpora
816 2831 911 2878 mrsat
923 2822 955 2880 in
965 2822 1072 2891 orben,

221 2892 448 2962 stridentemque
461 2910 534 2946 uovo
545 2908 674 2960 spumam
687 2910 752 2948 cum
765 2893 900 2964 singuine
910 2893 1020 2958 fundit;

219 2959 348 3014 Vulneris
360 2971 458 3014 auctor
472 2961 567 3028 adeat,
581 2961 746 3031 hostemque
760 2962 853 3016 irritat
863 2962 900 3015 ad
912 2964 1000 3030 itanu

219 3029 425 3101 splendidaque
438 3029 567 3084 adversos
579 3030 716 3084 venabula
729 3031 826 3086 condit
839 3031 873 3088 iu
883 3049 991 3091 moe.

150 3095 205 3157 420
221 3098 328 3150 Gaudia
339 3108 475 3152 testantur
488 3098 559 3153 socii
569 3098 693 3152 clamore
707 3100 847 3165 secundm

173 3177 175 3179 ’
219 3166 426 3238 Victricemqae
438 3176 538 3237 petunt
549 3166 661 3221 dextrae
673 3170 843 3251 coniungere
858 3170 999 3226 dextrum
1083 3209 1087 3216 .

219 3238 431 3306 Immanemque
439 3237 548 3301 ferum,
564 3235 656 3289 multa
667 3237 768 3298 tellure
779 3248 919 3294 tacentem

218 3304 352 3358 Mnantea
362 3312 507 3375 spectant:
520 3305 714 3375 nequeamus
728 3309 892 3380 contingere
904 3317 1003 3368 utum
