2350 3834
111 239 177 308 254
383 236 415 294 e.
436 234 584 291 0v1u11
603 235 799 295 Nesouls

183 389 312 459 Quisquis
323 385 346 438 ie
361 392 413 452 eet,
432 400 516 455 quern
531 383 619 437 caede
633 401 697 438 mee
706 385 820 456 placere
834 384 951 455 puetis,
1020 438 1022 441 ,
1111 396 1113 401 ’

182 460 266 512 Liber
281 457 334 509 erit
344 454 464 524 sanguis.
498 454 527 505 Si
544 464 615 524 quoe
631 463 728 508 tamen
745 455 846 508 ultime
862 454 953 508 nostri

13 567 14 574 κ
111 531 165 590 470
181 532 253 582 Vote
266 532 379 578 movent
395 523 466 588 oris;
484 523 587 575 Priami
600 540 649 575 vos
668 524 727 576 filie
737 526 821 596 regie,

182 600 246 651 Non
258 594 376 664 captiva,
395 602 491 663 rogat:
509 593 647 663 genetrici
661 610 762 663 corpus
774 597 913 646 inemtum

182 665 313 720 Reddite:
330 679 399 715 neve
414 679 483 715 auro
495 662 617 715 redimat
632 663 675 714 ius
687 664 768 716 triete
781 663 912 733 sepulcri,

183 735 237 788 Sed
250 733 389 786 lacrimis:
408 741 484 796 tuna,
505 747 569 784 cum
582 741 704 812 poterat,
720 733 877 785 redimebat
898 739 927 782 et
938 746 1018 785 altro.

182 805 303 856 Dixerat.
339 807 375 853 At
389 801 507 870 populus
521 802 660 866 lacrimas,
678 819 747 883 quae
758 803 807 853 illa
817 801 941 865 tenebat,

112 876 165 935 475
182 876 245 926 Non
257 880 343 925 tenet.
377 874 439 939 Ipse
454 871 539 923 etiem
552 870 625 922 ssene
638 870 797 942 invitusque
809 870 940 924 sacerdon

87 968 93 973 ⁷
180 942 309 997 Praebite
317 938 446 993 coniecto
458 940 535 1009 rupit
548 940 713 1009 praecordia
724 941 811 994 ferro.

181 1011 242 1075 Ille,
260 1018 459 1079 superterram
473 1009 584 1061 defecto
601 1009 708 1078 poplite
722 1010 827 1075 labens,

181 1080 299 1134 Pertulit
306 1079 460 1148 intrepidos
474 1078 510 1130 ad
524 1078 584 1130 ieta
597 1079 746 1131 novissime
758 1080 859 1131 vultus.

181 1153 260 1205 Tunc
274 1165 386 1219 quoque
401 1162 469 1200 cura
481 1149 536 1200 fuit
549 1157 644 1216 partes
657 1148 751 1200 velare
764 1146 907 1219 tegendae,

113 1218 166 1279 480
184 1222 253 1272 Cum
266 1218 388 1283 cederet
406 1218 530 1288 castique
548 1217 632 1269 decue
643 1232 754 1270 servare
766 1218 889 1287 pudoris.

183 1288 306 1341 Troades
322 1287 477 1355 excipiunt3
496 1286 713 1407 dqpiloratoeqire
726 1295 874 1339 recensent

182 1356 346 1422 humidae,
364 1364 393 1407 et
405 1356 478 1425 quid
488 1357 522 1408 de
543 1356 598 1407 crit
611 1355 710 1408 domne
723 1372 780 1409 una
795 1356 911 1411 cruoris.

184 1429 279 1496 Teque
294 1432 419 1493 gemunt,
434 1424 524 1496 virgo,
541 1433 637 1493 teque,
655 1442 672 1476 ο
685 1426 771 1478 modo
784 1426 862 1496 regia
876 1424 987 1491 coniux,

183 1497 270 1566 Regia
283 1494 358 1545 diota
372 1509 482 1562 parens,
498 1494 577 1546 Atiae
593 1495 726 1547 florentie
732 1495 835 1565 imago,

115 1569 166 1632 485
184 1568 264 1621 Nunc
277 1563 361 1616 etiam
373 1562 494 1631 praedae
506 1563 581 1616 mala
593 1580 665 1616 sors:
685 1580 770 1635 quam
782 1566 875 1616 victor
888 1562 979 1614 Ulixes

184 1637 248 1687 Eeee
262 1649 341 1684 suam
354 1632 451 1696 nollet,
468 1633 522 1685 nisi
534 1632 610 1704 quod
621 1642 717 1686 tamen
731 1637 853 1686 Hectora
865 1641 950 1701 partu

184 1702 332 1757 Ediderae:
350 1701 496 1754 dominum
509 1703 595 1754 matri
605 1703 652 1754 vix
662 1704 768 1772 reperit
779 1706 894 1755 Hector.

186 1776 263 1836 Quae
277 1788 378 1840 corpus
394 1772 540 1840 complexe
555 1772 666 1824 animae
679 1780 738 1825 tarn
754 1773 837 1824 fortis
855 1772 948 1837 inane,

187 1845 261 1905 Quas
275 1840 357 1893 toties
369 1840 476 1908 patriae
490 1842 614 1909 dederat,
631 1842 768 1911 natisque,
786 1842 846 1893 viro
888 1857 912 1906 e,

116 1912 171 1973 490
187 1912 258 1964 Huic
275 1926 387 1980 quoque
401 1909 448 1961 dat
460 1909 605 1975 lacrimem
625 1910 764 1962 lacrimae·
774 1911 803 1961 in
820 1927 858 1961 eu
870 1916 938 1961 nera
950 1908 1061 1974 fundit,

187 1979 341 2049 Osculaque
353 1996 402 2032 ore
414 1979 494 2050 tegit,
511 1989 702 2049 consuetaque
712 1988 830 2049 pectora
841 1979 959 2049 plangit,

186 2050 377 2118 canitiemque
393 2065 473 2101 auem
486 2058 621 2103 concreto
635 2051 664 2100 in
678 2048 813 2120 sanguim
826 2065 950 2115 verrens,

185 2120 270 2172 Plura
286 2119 407 2188 quidem,
425 2117 474 2169 eed
489 2128 518 2171 et
529 2119 600 2171 haec
611 2118 716 2172 laniato
750 2126 847 2170 ectore
863 2117 949 2170 dixit:

186 2191 258 2241 Nata
271 2197 345 2250 tuoe,
364 2187 431 2257 quid
447 2189 522 2239 enim
533 2187 681 2257 superest?
699 2136 786 2240 dolor
795 2186 895 2239 ultime
909 2186 1003 2256 meni,

117 2258 170 2319 495
186 2260 268 2324 Nata,
286 2257 376 2309 iacet:
393 2257 530 2327 videoque
542 2266 636 2323 tuum,
652 2273 716 2308 mea
727 2256 852 2324 vulnera,
868 2256 977 2310 vulnus.

186 2330 291 2393 terne
303 2325 474 2395 perdiderim
491 2342 661 2397 quemquem
674 2326 734 2378 eine
746 2325 832 2378 caede
845 2342 983 2392 meorum,

187 2400 230 2450 Tu
240 2411 353 2466 quoque
362 2395 465 2447 ‘vulnus
478 2394 574 2452 habes.
608 2399 644 2446 At
653 2403 691 2460 te,
711 2395 776 2465 quie
788 2395 905 2465 femine,
921 2396 1006 2449 rebar
1073 2418 1084 2431 ’

187 2470 211 2519 Α
221 2465 299 2518 ferro
315 2473 420 2516 tutam:
439 2465 564 2518 cecidisti
577 2472 605 2516 et
619 2464 726 2516 femina
739 2464 832 2517 ferro:

188 2538 299 2615 Totque
310 2544 372 2586 tuoe
384 2534 460 2586 idem
473 2535 583 2601 fratres,
599 2543 627 2585 te
641 2534 764 2602 perdidit
775 2533 861 2599 idem,

121 2605 175 2662 600
187 2605 311 2657 Exitium
322 2603 422 2655 Troiae
433 2604 577 2674 nostrique
591 2603 715 2668 orbator,
734 2602 863 2655 Achilles.
904 2632 910 2639 ·

187 2677 224 2726 At
237 2681 385 2741 postquam
400 2673 503 2725 Paridis
517 2672 628 2739 cecidit,
645 2671 804 2741 Phoebique
818 2670 944 2741 sagittis:

188 2744 270 2797 Nunc
285 2750 371 2809 certe,
389 2742 453 2809 dixi,
471 2759 529 2795 non
539 2751 581 2794 eet
589 2740 753 2794 metuendus
767 2740 900 2796 Achilles.

191 2813 273 2864 Nunc
285 2827 398 2880 quoque
411 2816 452 2863 ml
464 2811 712 2867 metuendiuerat.
747 2810 819 2861 Ginis
830 2810 890 2890 ipee
902 2806 1005 2877 cepulti

190 2883 222 2931 In
236 2894 321 2949 genoe
337 2880 392 2931 hoc
406 2881 507 2933 saevit:
525 2879 636 2933 tumulo
690 2895 762 2948 oque
778 2895 912 2932 sentimus
927 2879 1062 2934 hostem:

122 2949 173 3007 505
191 2947 328 3000 Aeacidae
339 2948 461 3001 fecunda
478 2950 530 3004 fui.
564 2952 641 3001 Iacet
675 2949 724 3000 ion
737 2949 850 3018 ingens:

191 3018 354 3086 Eventuque
367 3019 445 3088 gravi
455 3018 535 3071 finite
547 3027 588 3075 eet
601 3017 717 3087 publice
728 3017 821 3069 clades
827 3035 838 3069 ε,

193 3085 222 3145 ei
233 3084 312 3136 finita
322 3095 426 3138 tamen.
463 3086 520 3138 soli
532 3086 600 3139 mihi
611 3089 746 3156 Pergama
757 3094 875 3152 restant,

193 3158 225 3206 Iu
240 3171 378 3223 cursuque
389 3171 468 3206 meur
485 3155 566 3208 dolor
578 3163 628 3207 eet.
663 3154 747 3207 Modo
760 3156 882 3207 maxima
893 3171 997 3221 rerum,
1021 3204 1027 3211 .

157 3250 160 3261 ·
192 3224 247 3273 Tot
259 3224 368 3292 generis
381 3223 515 3341 natisque
523 3233 631 3292 potens,
648 3224 827 3303 nuribusque,
843 3225 969 3295 viroque,

125 3290 177 3345 510
193 3292 274 3341 Nunc
287 3291 385 3344 trahor
397 3308 462 3344 orsu
474 3330 481 3356 ‚
499 3308 587 3359 mops,
605 3292 720 3344 tumulis
732 3293 829 3344 avulsa
842 3310 980 3360 meorum,
1020 3324 1026 3335 ι

193 3358 347 3428 Penelopae
360 3367 475 3412 munna:
493 3377 565 3432 qaue
577 3376 626 3414 me
637 3360 703 3415 data
714 3377 802 3432 pense
812 3362 972 3419 trahentem
