2350 3834
108 185 151 253 58
241 191 274 245 a.
296 189 419 245 ovum
444 185 601 279 nasonis
621 170 768 240 amram
788 185 860 239 ura.
880 184 932 238 m.

106 336 159 393 690
176 333 265 387 Corde
281 342 405 397 metum,
421 332 559 403 Diamque
569 340 644 385 tene.
678 331 792 384 Delatus
803 329 923 385 inillam

175 404 304 458 Accensis
319 403 375 455 aris
389 403 524 454 Baccheia
534 419 614 454 sacra
631 402 791 470 frequento.
887 401 892 405 ’

208 473 388 524 Praebuimus
402 471 508 542 longis,
525 470 862 541 Pentheus‚jambagtbus
875 489 966 540 aures,

176 541 287 611 Inquit:
304 550 336 592 ut
348 541 390 591 ira
402 558 483 592 mora
499 541 572 593 vires
586 541 735 592 absumere
747 548 850 608 posset.

175 610 363 679 Praecipitem
377 609 475 665 famuli
488 610 579 679 rapite
593 611 682 676 hunc,
700 609 882 679 cruciataque
899 612 966 666 diris

107 669 160 736 695
178 682 303 748 Corpora
314 679 463 731 tormentis
478 680 590 760 Stygiae
606 679 743 731 demittite
758 679 854 733 nocti„

176 751 305 801 Protinus
319 749 474 800 abstractus
487 749 583 800 solidis
596 749 756 816 Tyrrhenus
769 758 886 803 Acoetes

178 818 320 870 Clauditur
332 818 362 869 in
376 818 471 870 tectis:
489 827 519 869 et
535 817 602 870 dum
618 817 743 883 crudelia
755 816 845 871 iussae

176 891 367 941 Instrumenta
381 888 474 952 necis,
491 887 656 956 ferrumque
674 888 803 958 ignisque
815 897 964 956 parantur3

177 961 280 1026 Sponte
295 973 345 1008 sua
354 956 479 1076 patuisse
493 957 585 1022 fores,
603 957 749 1026 lapsasque
763 956 876 1009 lacertis

107 1025 160 1079 700
176 1030 279 1096 Sponte
291 1043 340 1077 sua
368 1044 431 1077 ama
442 1034 499 1091 est,
516 1025 595 1078 nullo
611 1027 751 1091 solvente,
771 1035 894 1081 catenas.

209 1095 321 1147 'Perstat
333 1095 513 1147 Echionides:
537 1112 592 1147 nec
607 1095 664 1147 iam
678 1095 757 1148 iubet
770 1095 829 1160 ire,
846 1096 895 1148 sed
908 1096 966 1164 ipsa

176 1164 274 1227 Vadit,
294 1165 359 1230 uhi,
379 1165 484 1216 electus
498 1164 629 1216 facienda
643 1164 679 1215 ad
689 1182 783 1231 sacra,
800 1165 949 1218 Cithaeron

92 1272 94 1281 ,
178 1234 309 1285 Cantibus
324 1240 352 1284 et
366 1232 443 1286 clara
456 1233 645 1285 bacchantum
660 1251 731 1285 voce
744 1234 869 1290 sonabat.

179 1307 216 1354 Ut
230 1302 329 1354 fremit
343 1318 409 1353 acer
419 1319 521 1372 equus,
540 1319 607 1354 cum
621 1302 738 1355 bellicus
751 1320 816 1354 aere
829 1320 935 1356 canoro

108 1372 160 1428 705
178 1371 262 1442 Signa
276 1370 353 1422 dedit
368 1371 497 1437 tubicen,
516 1388 683 1452 pugnaeque
697 1373 811 1423 assumit
823 1388 964 1438 amorem;

90 1458 94 1467 ⁸
176 1441 300 1492 Penthea
312 1440 352 1491 sic
364 1439 435 1491 ictus
447 1440 538 1510 longis
550 1440 703 1494 ululatibus
718 1441 815 1493 aether

178 1508 278 1563 Movit:
298 1518 326 1560 et
339 1509 433 1560 audito
449 1509 581 1579 clangore
598 1510 746 1562 recanduit
758 1509 810 1563 ira.

214 1582 310 1630 Monte
321 1577 382 1631 iere
393 1578 486 1631 medio
501 1586 559 1644 est,
577 1579 622 1630 cin
644 1579 753 1633 entibus
766 1579 866 1631 ultima
880 1579 978 1648 silvis,

178 1649 265 1700 Purus
279 1648 314 1699 ah
327 1648 487 1714 arboribus,
506 1598 665 1716 spectabiiis
679 1649 804 1718 undique
817 1665 942 1718 campus.

108 1715 160 1771 710
177 1717 229 1769 Hic
242 1716 424 1768 oculisillum
440 1726 603 1769 cernentem
618 1735 698 1769 sacra
711 1717 838 1787 profanis
867 1710 871 1721 ’

177 1786 271 1838 Prima
284 1786 375 1851 videt,
393 1786 485 1854 prima
498 1796 540 1837 est
553 1787 652 1838 insano
664 1787 776 1839 concita
789 1795 879 1853 motu,

178 1855 273 1907 Prima
284 1872 365 1906 suum
378 1855 462 1907 misso
476 1855 592 1907 violavit
605 1857 726 1909 Penthea
738 1856 833 1924 thyrso

178 1927 284 1977 Mater:
301 1927 348 1991 lo,
366 1925 510 1995 geminae,
528 1925 674 1991 clamavit,
692 1926 788 1978 adeste
802 1938 922 1979 sorores.
977 1971 979 1974 ,

179 1993 230 2045 Ille
243 2011 326 2062 aper,
344 1994 372 2044 in
385 1995 486 2045 nostris
500 2003 576 2047 errat
591 1996 638 2064 qui
653 1995 790 2046 maximus
804 1994 886 2064 agris,

108 2061 160 2117 715
178 2063 228 2114 Ille
240 2063 310 2114 mihi
324 2063 466 2114 feriendus
477 2080 554 2131 aper.
588 2065 656 2115 Ruit
669 2065 759 2115 omnis
773 2065 802 2116 in
817 2079 905 2115 unum

177 2130 273 2201 Turba
285 2133 396 2183 furens:
415 2142 535 2185 cunctae
548 2122 666 2198 coeu'nt,
684 2142 857 2202 cunctaeque
872 2143 1029 2202 sequuntur

179 2205 239 2253 lam
251 2210 295 2253 tre
316 2201 410 2266 idum,
428 2201 486 2252 iam
498 2202 585 2253 verba
601 2205 694 2254 minus
709 2202 834 2253 violenta
846 2202 1020 2272 loquentem,

162 2306 164 2310 -
178 2274 237 2322 Iam
251 2287 279 2321 se
292 2220 488 2337 damnantem,
504 2269 563 2322 iam
575 2288 604 2323 se
617 2288 746 2340 peccasse
761 2271 908 2323 fatentem.

180 2341 293 2391 Saucius
308 2338 355 2390 ille
369 2349 482 2406 tamen,
500 2342 553 2391 Fer
567 2356 669 2408 opem,
687 2348 853 2404 matertera,
872 2340 949 2406 dixit,

109 2406 162 2462 720
178 2411 322 2460 Autonoe':
341 2418 472 2459 moveant
486 2409 593 2460 animos
608 2410 754 2462 Actaeonis
769 2410 896 2462 umbrae.

83 2519 87 2531 ,
179 2477 244 2541 Illa,
282 2477 484 2545 uidhctaeon,
502 2480 607 2542 nescit3
626 2479 808 2549 dextramque
821 2479 950 2547 precanti

101 2562 103 2567 ·
179 2497 317 2599 Abstutiits
331 2550 399 2598 Inoo
413 2546 541 2599 lacerata
553 2556 595 2600 est
607 2549 695 2600 altera
708 2558 800 2617 raptu.

179 2618 242 2668 Non
252 2616 343 2667 habet
355 2615 454 2667 infelix
473 2635 544 2686 quae
556 2618 641 2670 matri
655 2619 769 2670 brachia
782 2616 894 2669 tendatt

179 2687 291 2736 Trunca
304 2684 353 2736 sed
366 2685 514 2737 ostendens
528 2687 649 2740 disiectis
665 2705 785 2756 corpora
799 2685 943 2753 membris,

110 2751 162 2808 726
180 2753 312 2822 Adspice,
333 2763 445 2821 mater,
459 2755 506 2809 ait.
541 2757 612 2809 Visis
630 2756 747 2808 ululavit
759 2762 861 2826 Agave,

179 2823 312 2892 Collaque
325 2821 455 2888 iactavit,
471 2825 616 2895 movitque
628 2843 680 2895 per
694 2830 760 2877 a'e'ra
773 2826 894 2878 crinem:

179 2892 369 2959 Avulsumque
385 2901 472 2961 caput
487 2894 579 2963 digitis
593 2895 741 2964 complexa
756 2894 880 2946 cruentis

181 2961 303 3019 Clamat,
321 2964 350 3011 lo
367 2962 498 3026 comites,
518 2981 587 3031 opus
599 2965 669 3016 haec
684 2965 801 3016 victoria
814 2973 944 3015 nostrum
958 2971 1007 3016 est.

178 3033 241 3082 Non
257 3030 339 3082 citius
353 3030 466 3085 frondes
481 3041 616 3085 autumno
630 3034 738 3103 frigore
754 3042 852 3097 tactas,

110 3097 163 3154 730
181 3104 294 3169 lamque
309 3098 383 3150 male
396 3099 543 3152 haerentes
558 3103 616 3154 alta
628 3103 703 3170 rapit
716 3102 817 3154 arbore
828 3110 942 3164 ventus3
957 3164 961 3167 1

180 3174 272 3232 Quam
284 3176 350 3220 sunt
362 3169 490 3221 membra
504 3170 557 3221 viri
569 3173 698 3223 manibus
712 3172 770 3223 dire
791 3181 820 3222 ta
835 3169 972 3224 nefandis.

178 3238 291 3290 Talibus
306 3237 439 3306 exemplis
453 3240 576 3291 monitae
591 3258 663 3292 nova
675 3257 755 3293 sacra
768 3190 958 3308 iisquentant,

177 3309 308 3377 Turaque
325 3305 406 3374 dant,
424 3317 591 3377 sanctasque
609 3310 709 3362 colunt
721 3309 870 3362 Ismenides
885 3325 956 3364 aras.
