2350 3834
252 230 689 310 Merauoaeaosaqu
707 233 793 290 ma.
813 236 880 297 vn.
980 239 1041 302 127

81 382 148 445 Qua
158 378 255 432 tulerit
267 377 413 446 mercede,
431 378 508 433 ailet:
524 386 672 450 tactusque
685 377 785 434 dolore
860 381 863 386 ’

82 449 358 520 (Ξοιιὶυςὶέυιιίεσιε,
375 448 500 502 lacrimia
512 449 553 501 ita
565 449 642 501 fatur
656 449 780 503 abortire
839 447 846 464 ¹

80 522 145 572 Hoc
157 536 219 584 me,
236 527 305 571 nate
317 519 383 585 dea,
402 518 463 589 quia
475 519 561 587 parcit
574 519 710 572 credere?
727 520 818 573 telam
990 520 1043 579 690

80 588 165 642 Flere
177 588 263 656 facit,
281 587 422 658 facietque
433 587 496 654 diu,
513 588 536 639 ai
551 588 645 642 rivere
655 589 736 642 nobie

80 660 152 711 Fata
167 655 216 708 diu
228 656 364 710 dederint.
399 660 460 710 Hoc
472 674 519 708 me
535 674 602 709 curn
613 658 734 729 coniuge
746 674 816 716 cara

63 725 221 790 xPerdidit3
238 726 293 780 hoc
305 727 414 780 utinam
427 726 576 779 caruissem
589 743 706 779 munere
717 730 841 797 semper!

80 794 195 849 Procrin
208 803 281 863 erat,
299 796 322 848 ei
336 796 415 866 farte
425 795 513 866 magis
525 797 655 864 pervenit
669 796 705 851 ad
720 813 801 850 aurea

82 863 210 933 orithya
222 872 300 931 tuae,
316 867 416 935 raptae
428 875 509 928 soror
522 864 673 934 Orithyiae.

82 934 111 986 si
125 933 230 986 faciem
242 951 391 1016 morerque
403 934 473 986 velia
487 934 619 987 conferre
633 935 766 997 duarum

80 1002 202 1074 Dignior
212 1003 271 1071 ipra
286 1021 356 1083 rapi.
380 1006 463 1055 Pater
476 1003 549 1055 hanc
563 1004 632 1056 mihi
645 1003 734 1056 iunxit
746 1002 932 1057 Erechtheum

81 1074 163 1124 Hanc
173 1072 245 1123 mihi
255 1073 345 1125 iunxrt'
357 1077 452 1126 Amor.
487 1072 562 1124 Felix
574 1073 703 1140 dicebar,
718 1088 870 1145 ermque,

81 1142 147 1195 Non
158 1141 198 1193 ita
210 1141 250 1194 dte
263 1142 354 1194 virum
366 1152 422 1207 est,
441 1158 474 1194 ac
486 1158 685 1213 huncquoque
697 1142 816 1195 saraitau
833 1157 930 1197 errem.
968 1175 971 1182 =

81 1209 162 1262 Aiter
173 1211 310 1281 agebatur
321 1221 384 1281 port
393 1227 474 1263 sacra
484 1210 588 1283 iugalia
598 1213 714 1277 mensim

82 1281 153 1332 Cum
165 1296 213 1331 me
227 1280 379 1351 cornigeris
390 1280 553 1333 tendentem
565 1281 638 1333 retia
650 1280 739 1334 cervia

80 1349 198 1403 vertice
211 1348 246 1401 de
259 1366 369 1402 summo
381 1366 492 1419 semper
504 1350 633 1403 florentia
642 1350 769 1421 Hymetti

81 1419 170 1471 Lutea
181 1435 265 1478 mana
276 1419 354 1472 videt
363 1418 449 1489 pulait
458 1424 566 1472 Auram
577 1420 710 1485 tenebris,

80 1487 258 1557 invitumque
270 1488 354 1558 rapit.
388 1488 485 1541 Liceat
497 1489 567 1541 mihi
579 1505 647 1542 vera
656 1489 766 1543 referre

81 1557 153 1609 Pace
166 1556 253 1625 deae,
270 1557 347 1627 quad
360 1557 395 1610 a't
406 1574 487 1610 roseo
500 1559 659 1628 spectabilia
674 1575 733 1624 ore,

82 1624 164 1689 Quod
177 1634 274 1678 teneat
287 1627 374 1692 lucia,
389 1635 485 1680 teneat
499 1628 622 1680 confinia
632 1629 732 1694 noctis,

81 1695 229 1748 Nectareir
241 1696 316 1765 quod
325 1696 418 1748 alatur
431 1697 524 1765 aquia;
539 1714 592 1766 ego
605 1697 719 1749 Procrin
730 1696 876 1749 amabam:

81 1765 200 1817 Pectore
213 1766 322 1818 Procris
334 1772 408 1832 erat,
426 1766 535 1817 Procris
548 1765 618 1817 mihi
630 1782 739 1835 semper
750 1766 780 1816 in
793 1782 851 1817 ore.

81 1836 167 1886 Sacra
178 1833 250 1898 tori,
269 1834 413 1904 coitusque
423 1851 524 1899 novar,
541 1834 735 1905 thaiamosque
748 1842 886 1902 recantat,

80 1903 175 1955 Prima
217 1919 232 1955 e
243 1903 345 1956 deserti
356 1904 517 1955 referebam
529 1903 646 1956 foedare
656 1902 731 1959 lecti.

81 1973 159 2023 Mota
192 1988 226 2023 ea
237 1981 292 2025 eat:
310 1981 352 2036 et,
371 1972 441 2025 Siste
453 1973 529 2040 tuae,
545 1973 672 2044 ingrate,
689 1975 833 2043 querelar;

81 2040 199 2094 Procrin
214 2041 302 2108 habe,
321 2040 398 2094 dixit.
431 2041 513 2105 Quod
525 2042 546 2093 ei
562 2060 627 2094 mea
637 2040 755 2111 provida
767 2057 847 2094 mene
860 2049 912 2109 eet,

81 2111 145 2163 Non
156 2110 288 2163 habuisse
300 2110 393 2163 valea:
411 2121 512 2181 meque
526 2110 570 2162 illi
581 2112 652 2163 irata
667 2108 786 2165 remitit.

83 2180 156 2231 Dum'
169 2179 272 2245 redeo,
289 2196 458 2249 mecumque
471 2180 712 2233 deaemenrcrata
727 2187 868 2249 retracto5

82 2248 146 2300 Erre
159 2257 254 2300 metus
263 2249 372 2318 coepit,
389 2266 425 2301 na
438 2249 502 2302 iura
514 2249 617 2321 iugalia
631 2250 732 2303 coniux
752 2251 755 2255 ’

83 2318 146 2370 Non
158 2318 232 2369 bene
245 2327 388 2371 rervaaaet.
422 2319 571 2389 Facinque
584 2329 714 2388 actaeque
726 2318 861 2372 iubebant

84 2385 205 2442 Credere
220 2386 403 2448 adulterium
421 2385 610 2458 prohibebant
623 2389 740 2441 credere
753 2403 856 2441 maret.

83 2455 138 2508 Sed
148 2464 244 2507 tamen
256 2456 419 2510 abiueram:
437 2457 486 2510 sed
500 2466 528 2509 et
541 2457 614 2510 haec
623 2466 697 2524 erat,
714 2457 789 2510 unde
800 2456 936 2511 redibam.

84 2524 212 2576 Criminis
225 2525 398 2593 exemplam:
411 2526 464 2578 aed
476 2535 578 2579 cuncta
590 2527 721 2578 timemus
735 2533 869 2579 amantea.

84 2594 241 2657 Quaerere,
260 2594 335 2663 qnod
348 2595 474 2659 doleam,
491 2595 605 2659 madeo,
622 2594 758 2664 denieque
771 2594 903 2664 pudicam
988 2596 1042 2655 720

83 2663 241 2714 sollicitare
253 2663 349 2717 fidem.
383 2667 469 2716 Favet
481 2663 548 2715 huic
560 2669 668 2715 Aurora
678 2663 785 2730 timori,

83 2733 272 2801 immutetque
285 2748 393 2800 meam,
409 2733 508 2785 videor
521 2733 650 2793 sensisse,
668 2732 798 2803 figuram.
862 2765 865 2776 ·

83 2800 220 2853 Palladiae
235 2801 298 2853 ineo
310 2818 368 2853 non
383 2801 591 2875 cognoscendus
606 2801 743 2854 Athenae:

81 2868 287 2940 ingrediorque
299 2870 424 2925 domurn.
458 2870 545 2953 Culpa
557 2870 656 2923 domur
669 2871 728 2941 iqua
743 2870 867 2939 carebat,

83 2938 164 2990 Carta
185 2956 219 2991 ue
230 2940 309 3009 rigua
321 2940 420 3007 dabat,
438 2939 608 3009 dominoque
621 2948 683 2992 erat
694 2940 775 2993 anxia
787 2949 880 3013 rapto.
987 2940 1039 2996 725
1092 2965 1099 2976 ‘

82 3007 137 3059 vix
148 3024 167 3059 a
188 3008 226 3060 'tu
259 3025 290 3060 er
300 3009 379 3062 mille
393 3009 471 3062 dolce
485 3009 520 3061 ad
533 3009 700 3061 Erechthida
712 3010 798 3079 facto,

84 3078 121 3128 Ut
133 3075 204 3142 ridi,
260 3079 365 3146 stupui,
382 3078 570 3149 meditataque
581 3095 670 3147 paene
683 3078 785 3149 reliqui
968 3085 976 3114 ⁴

82 3145 269 3199 Teatamenta
282 3147 353 3213 fide;
371 3148 446 3200 male
459 3164 517 3214 me,
536 3149 604 3217 quia
616 3164 683 3200 vara
693 3148 809 3212 faterer,

84 3212 230 3281 Continui3
248 3216 322 3268 male
335 3217 416 3287 quin,
433 3225 465 3269 ut
479 3218 617 3286 oportuit,
635 3216 731 3269 orcula
743 3217 859 3269 ferrem.

82 3282 183 3337 'hiatio
195 3292 271 3350 erat;
289 3287 339 3337 aed
352 3285 430 3337 nulla
441 3295 538 3338 tamen
548 3285 700 3337 formatior
712 3285 763 3339 iila
807 3306 810 3310 ¹
986 3273 1038 3331 73⁰

83 3352 149 3406 aaa
163 3360 256 3424 pateat
269 3353 357 3423 triati5
374 3354 569 3427 desideriaque
583 3353 694 3408 calebat
771 3379 774 3385 Δ
