2350 3834
20 868 22 897 .
210 796 214 801 ’
278 833 320 900 a.
359 796 854 902 ovrnrt'nasonrs
893 850 897 856 ·

83 987 1042 1143 nasamoneflosnon

332 1198 486 1257 LIBER
515 1198 780 1257 SECUNDUS.

20 1556 22 1601 i
81 1511 186 1607 Regia
197 1536 269 1590 Solis
282 1548 344 1592 erat
357 1538 520 1593 sublimiias
534 1540 592 1592 alta
606 1539 754 1608 columnis,

82 1607 165 1659 Clara
176 1605 302 1660 micante
316 1626 400 1675 auro,
417 1610 603 1678 flammasque
612 1609 739 1661 imitante
753 1625 876 1679 pyropo:
893 1640 904 1658 .

82 1675 163 1728 Cuius
177 1675 249 1727 ebur
261 1676 380 1731 nitidum
393 1678 507 1749 fastigia
518 1694 631 1729 summo
639 1677 768 1730 tenebat:

80 1745 197 1815 Argenti
208 1743 313 1798 bifores
325 1747 472 1800 radiabant
485 1747 593 1799 lumine
605 1746 734 1800 valvae..
1026 1772 1033 1783 «

79 1812 228 1867 Materiam
241 1817 390 1934 superabat
403 1832 488 1886 opus:
505 1833 574 1869 nam
587 1816 726 1867 Mulciber
740 1814 802 1868 illic
1024 1819 1043 1876 5

80 1887 212 1953 Aequora
226 1898 276 1935 cae
288 1893 363 1953 arat,
381 1885 486 1937 medias
502 1884 643 1955 cingentia
653 1892 752 1947 terras,

20 2010 21 2015 Ἰ
65 1953 232 2004 ¹Terrarum
272 1955 415 2020 corbem,
433 1953 615 2022 coelumque,
634 1952 710 2022 quod
722 1950 852 2004 imminet
864 1951 935 2007 orbi.

82 2020 232 2079 Coeruleos
266 2022 331 2074 abet
341 2023 419 2075 unda
432 2023 513 2088 deos,
530 2022 647 2074 Tritona
660 2038 806 2085 canorum,

61 2092 65 2101 “
78 2091 236 2159 Proteaque
250 2089 429 2162 ambignum,
446 2091 684 2160 balaenarumque
692 2097 869 2159 prementem
883 2124 894 2142 .

78 2162 228 2228 Aegaeona
241 2159 297 2211 suis
310 2160 446 2213 immania
456 2168 539 2230 terga
551 2160 675 2225 lacertis,

76 2228 254 2297 Doridaque,
273 2237 302 2280 et
315 2239 409 2283 natas:
429 2246 549 2310 quarmn
565 2246 630 2298 paro
642 2243 713 2291 narev
726 2226 864 2296 videntur,

76 2297 145 2348 Pars
157 2296 187 2351 in
201 2297 278 2351 mole
288 2299 388 2352 sedena
399 2299 500 2351 vindes
516 2299 623 2350 siccare
633 2295 758 2364 capillos,

77 2365 156 2418 Pisce
168 2365 235 2418 vehi
250 2368 396 2436 quaedam.
422 2369 518 2421 Facies
531 2385 588 2420 non
599 2367 728 2419 omnibus
742 2381 808 2431 una,

77 2436 136 2487 Nec
151 2434 262 2487 diversa
272 2444 384 2489 tamen:
402 2436 515 2506 qualem
528 2436 610 2489 decet
622 2452 679 2487 esse
692 2450 832 2488 sororum,

77 2504 165 2555 Terra
178 2503 268 2570 viros,
287 2507 426 2576 urbesque
439 2504 527 2576 gerit,
544 2505 697 2574 silvasque,
714 2502 856 2571 ferasque,
884 2530 887 2539 ·
954 2532 958 2543 -

76 2571 279 2642 Fluminaque,
299 2584 329 2626 et
341 2575 498 2643 Nymphas,
516 2581 545 2625 et
559 2581 673 2625 caetera
686 2572 804 2623 numina
816 2570 898 2628 naris.

76 2642 155 2697 Haec
170 2642 397 2711 superimposita
411 2652 452 2695 est
464 2642 537 2696 coeli
549 2640 683 2711 fulgentis
697 2640 801 2710 imago,

77 2710 218 2791 Signaque
228 2726 275 2763 aer
287 2711 398 2764 foribus
409 2712 526 2775 dextris,
543 2710 717 2777 totidemque
731 2709 856 2773 sinistris.

78 2781 139 2840 Quo
151 2778 238 2831 simul
246 2780 358 2832 acclivo
370 2782 531 2848 Clymeneia
542 2779 634 2831 limite
645 2776 739 2846 proles

76 2847 175 2916 Venit,
194 2856 224 2901 et
238 2848 355 2901 intravit
368 2849 487 2902 dubitati
500 2857 576 2903 tecta
592 2846 732 2917 parentis3

65 2916 206 2968 Protinus
217 2916 255 2968 ad
268 2918 372 2986 petn’os
386 2935 435 2977 sua
447 2919 506 2970 fert
519 2917 636 2987 vestigia
648 2915 749 2979 vultus,

77 2986 264 3055 consistitque
271 2986 389 3054 ,procule
407 3003 498 3057 neque
513 2988 588 3038 enim
600 2986 734 3054 propiora
745 2983 856 3036 ferebat

76 3055 205 3106 Lumina.
232 3056 271 3105 Pu
307 3071 375 3107 urea
388 3055 494 3108 velatus
505 3064 581 3107 veste
594 3055 709 3117 sedebat

76 3125 109 3173 In
124 3122 195 3175 solio
208 3122 285 3175 Phoe
306 3141 352 3188 us,
370 3124 453 3176 claris
463 3123 758 3194 lucentermatagdis.¹

76 3195 100 3242 A
113 3190 226 3257 dextra,
244 3191 380 3262 laevaque
390 3193 469 3259 Dies,
487 3203 515 3246 et
527 3192 641 3257 Mensis,
660 3201 688 3244 et
699 3196 803 3254 Annus,

76 3260 264 3333 Saeculaque,
283 3269 313 3314 et
324 3262 431 3330 positae
444 3262 540 3331 spatiis
555 3261 716 3331 aequalibus
729 3263 835 3311 Horae:

75 3330 188 3401 Verque
200 3346 306 3385 novum
316 3332 424 3399 stabat,
440 3332 566 3387 cinctum
575 3332 697 3385 florente
710 3343 829 3382 corona:
