2350 3834
701 152 707 179 Ι

250 285 706 350 uersmoeenoseou
729 288 812 351 use.
833 297 891 355 xv.
984 288 1051 362 tet

17 488 18 491 ,
93 443 170 506 Quae
180 441 263 494 simul
273 429 389 494 incurva
400 432 475 494 missi
487 441 606 512 tetigere
616 432 722 511 carina,
787 434 790 440 Α
818 436 820 439 ’

91 511 251 564 Concilium
263 512 414 582 Graiosque
427 521 522 581 patres
535 513 643 578 adiere,
663 513 829 584 darentque,
1000 513 1053 573 645

92 586 230 648 oravere,
249 581 347 647 deum,
366 582 415 652 qui
427 597 557 651 praesens
570 583 670 634 funera
685 584 776 654 gentis
1040 580 1044 587 “

91 652 183 702 Finiat
193 652 341 703 Ausoniae:
356 659 446 703 certas
457 651 496 702 ita
509 651 603 703 dicere
614 660 711 705 sortes.

91 719 225 784 Dissidet,
245 730 273 773 et
284 722 372 772 variet
385 721 536 771 sententia:
552 737 672 790 parsque
685 720 846 790 negandum

91 790 157 841 Non
170 799 251 859 putat
265 790 413 852 auxilium
431 788 514 839 multi
525 806 659 855 renuere,
677 806 811 860 suasuque

91 861 156 911 Non
172 860 301 912 emittere
316 872 413 927 opem,
430 875 484 910 nec
496 859 612 910 numina
621 859 733 911 tradere
749 858 875 914 suadent.
892 892 893 897 =

90 930 167 980 Dum
179 928 322 995 dubitant,
340 943 431 978 seram
444 927 576 995 pepulere
591 927 872 1000 crepusculalucem,

36 1000 38 1003 ’
91 999 256 1067 Umbraque
271 995 378 1050 telluris
389 997 519 1048 tenebras
531 998 680 1050 induxerat
694 998 769 1060 orhi;
811 1022 814 1029 <

91 1069 164 1120 Cum
176 1067 244 1118 deus
253 1066 285 1119 in
300 1066 402 1117 somnis
416 1066 507 1135 opifer
520 1067 671 1120 consistere
687 1067 759 1118 visin

91 1141 165 1189 Ante
175 1146 269 1205 tuum,
286 1138 425 1201 Romane,
443 1143 553 1201 torum,
571 1136 620 1188 sed
632 1136 722 1207 qualis
734 1137 763 1187 in
777 1135 849 1190 aede

92 1209 158 1258 Esse
171 1206 260 1273 solet,
277 1206 466 1274 baculumque
477 1213 575 1259 tenens
590 1215 700 1276 agreste
711 1206 833 1275 sinistra,

94 1276 252 1328 Caesariem
265 1275 366 1346 longae
380 1275 479 1326 dextra
492 1275 632 1328 deducere
646 1276 760 1345 barbae,

92 1347 127 1398 Et
140 1345 251 1415 placido
262 1345 331 1396 tales
343 1344 470 1396 emittere
481 1355 599 1414 pectore
609 1363 705 1398 voces:

66 1435 73 1444 ·
92 1417 169 1467 Pone
184 1423 290 1480 metus,
307 1414 433 1480 reniam,
451 1415 657 1484 simulacraque
671 1422 772 1467 nostra
783 1413 855 1466 relin
944 1452 951 1470 .

93 1487 176 1536 Hunc
189 1483 274 1536 modo
287 1492 460 1552 serpentem,
479 1484 614 1537 baculum
627 1485 675 1554 qui
688 1484 803 1537 nexibus
820 1501 864 1536 am
885 1485 918 1553 it,

92 1553 235 1622 Perspice,
254 1561 282 1605 et
294 1570 382 1623 usque
395 1562 463 1605 nota
477 1555 550 1620 visu,
568 1562 601 1606 ut
616 1570 787 1625 cognoscere
818 1554 895 1608 ossis.

93 1622 236 1676 Vertarin
250 1622 339 1675 hunc:
357 1622 406 1674 sed
420 1623 512 1676 maior
528 1640 586 1687 ero,
599 1632 750 1692 tantusque
763 1570 891 1691 videbor,

93 1697 126 1745 In
140 1701 276 1762 quantum
288 1694 359 1744 verti
374 1692 506 1744 coelestia
520 1708 640 1761 corpora
652 1691 765 1745 dehent.

92 1761 240 1830 Extemplo
254 1778 319 1814 cum
330 1776 400 1812 voce
412 1761 492 1827 deus,
511 1778 576 1813 cum
587 1778 657 1813 voce
672 1761 780 1830 deoque

94 1836 215 1884 Somnus
227 1831 298 1883 abit:
316 1830 461 1900 somnique
474 1831 572 1901 fugam
583 1829 631 1882 lux
644 1830 718 1882 alma
730 1837 827 1883 secuta
840 1837 890 1885 est.

93 1904 210 1953 Postera
219 1900 342 1952 sidereos
355 1904 463 1951 Aurora
475 1902 623 1971 fugaverat
638 1900 731 1971 ignes:

94 1971 201 2023 Incerti
214 1969 280 2039 quid
293 1976 377 2040 agant
390 1987 520 2038 proceres
536 1970 572 2021 ad
585 1969 694 2038 templa
708 1968 788 2037 petiti

90 2038 270 2092 'Conveniunt
284 2055 403 2108 operosa
416 2038 475 2092 dei:
495 2055 607 2121 quaque
620 2039 678 2108 ipse
691 2037 798 2090 morari

96 2110 168 2162 Sede
184 2108 267 2170 velit,
284 2107 369 2178 signis
383 2106 548 2160 coelestibus
560 2109 679 2174 indicet,
699 2115 791 2162 orent.

95 2179 150 2231 Vix
162 2179 234 2230 bene
249 2177 400 2241 desierant;
419 2195 484 2229 oum
497 2178 588 2230 cristis
601 2194 701 2230 aureus
713 2176 776 2229 altis

78 2247 79 2250 ’
95 2252 129 2301 ln
140 2254 270 2317 serpente
285 2247 351 2299 deus
364 2249 530 2317 praenuntia
542 2247 624 2300 sibila
637 2247 728 2300 misit:

94 2317 280 2387 Adventuque
293 2334 343 2369 suo
358 2318 380 2369 si
419 2335 469 2369 um
500 2335 539 2380 ie,
558 2322 689 2387 arasque,
707 2315 849 2385 foresque,

53 2429 57 2435 .
96 2389 343 2457 Marmoreumque
356 2402 386 2440 so
398 2405 460 2457 um,
472 2336 644 2458 listigiaqne
659 2403 743 2439 aurea
754 2386 856 2438 movit:

96 2456 316 2525 Pectoribusque
327 2465 408 2509 tenus
421 2456 514 2510 media
528 2454 654 2510 sublimis
669 2457 698 2506 in
711 2454 780 2508 aede

98 2525 229 2585 Constitit
236 2565 243 2592 ,
262 2535 345 2595 etque
360 2524 455 2578 oculos
467 2526 642 2579 circumtulit
653 2525 718 2596 igne
729 2525 876 2577 micantes.

17 2606 18 2609 ’
96 2597 210 2649 Territa
221 2595 304 2647 turba
315 2602 409 2664 pavet:
429 2592 560 2667 cognovit
573 2595 689 2649 numina
702 2601 793 2646 castos

96 2666 231 2718 Evinctus
241 2664 312 2717 vitta
323 2664 413 2716 crines
425 2665 537 2717 albente
548 2666 700 2717 sacerdos?

97 2735 148 2802 Et,
168 2734 236 2787 deus
250 2750 300 2799 en,
318 2733 384 2785 deus
398 2751 447 2802 en,
465 2734 622 2807 linguisque
637 2732 790 2802 animisque
800 2731 904 2800 favete,
984 2796 986 2801 ,

99 2803 230 2873 Quisquis
247 2803 324 2870 ades,
343 2803 419 2856 dixit.
453 2805 509 2870 Sis,
529 2821 545 2856 o
560 2804 744 2873 pulcerrime,
761 2802 842 2854 visus·
1044 2804 1045 2809 ’

97 2872 228 2938 Utiliter,
245 2872 419 2942 populosque
428 2872 505 2924 iuves
517 2882 565 2925 tua
576 2891 657 2925 sacre
667 2872 798 2925 colentes.

99 2941 230 3012 Quisquis
244 2941 335 3009 adest,
353 2941 459 2994 iussum
469 2952 638 2995 venerantur
647 2958 766 3008 numen,
784 2948 813 2991 et
828 2954 925 2995 omnes
1020 3002 1022 3013 Α

93 3013 194 3067 Verba
203 3010 358 3064 sacerdotis
367 3011 497 3065 referunt
508 3012 663 3082 geminata,
679 3010 816 3080 piumque

98 3081 247 3134 Aeneadae
256 3089 399 3151 praestant
411 3089 439 3133 et
451 3090 546 3135 mente
561 3091 589 3135 et
600 3098 669 3134 voce
681 3081 817 3132 favorem,

85 3150 205 3203 ,Annuit
218 3151 274 3212 his,
290 3151 429 3221 motisque
440 3151 507 3204 dens
521 3160 584 3204 rata
598 3153 718 3271 pignora
727 3146 826 3210 cristis,
915 3180 921 3193 ·

98 3222 157 3272 Ter
169 3220 289 3288 repetita
301 3221 377 3273 debit
388 3221 588 3275 vilirata'sibila
611 3221 704 3291 ingua.

99 3291 175 3341 Tum
187 3288 318 3358 gradihus
329 3291 422 3352 nitidis
433 3291 586 3356 delabitur,
605 3293 799 3359 oraqueretro

99 3358 218 3424 Flectit,
233 3366 262 3410 et
272 3358 397 3428 antiquas
411 3361 534 3414 abiturus
546 3359 659 3428 respicit
672 3373 742 3421 aras,
774 3368 781 3379 ¹

100 3432 285 3500 Assuetasque
298 3424 412 3499 domos,
428 3428 611 3499 habitataque
621 3424 728 3496 templa
741 3412 854 3476 salutat.
912 3452 915 3455 -

894 3570 903 3595 ii
