2350 3834
154 222 215 284 176
355 229 357 234 “
421 222 454 274 P.
474 217 835 276 0V1n11unsouts

200 347 204 354 ⁴
218 366 334 431 semper
347 361 401 418 eris
415 369 539 431 meeum,
557 363 734 444 memorique
745 361 872 416 haerebis
881 362 983 418 inore.

148 437 200 490 205
218 435 257 483 Te
269 432 339 500 lyra,
357 432 436 499 pulsa
452 451 545 500 manu,
570 443 600 486 te
611 451 739 486 carnnna
754 442 850 484 nostra
865 433 1018 487 sonabunt:

159 523 164 544 ι
216 501 334 570 Flosque
355 519 443 554 novus
456 505 561 571 scripto
575 504 696 573 gemitur
707 502 854 556 imitabere
872 511 992 560 nostres.

215 571 336 638 Tempus
351 580 378 621 et
392 572 462 623 illud
476 574 537 639 erit,
550 590 608 643 quo
621 589 650 625 se
671 571 839 624 fortissimus
857 570 942 624 heros

215 639 306 690 Addat
318 639 347 692 in
359 640 434 694 hunc
447 642 560 708 florem,
585 642 712 711 folioque
724 642 834 711 legetur
846 641 959 696 eodem.

215 708 293 770 Talia
303 708 372 760 dum
384 727 450 766 vero
462 722 656 766 memorantur
670 710 804 780 Apollinis
817 726 877 774 ore,

147 781 198 834 210
216 780 285 829 Ecce
300 796 391 839 cruor,
411 782 458 850 qui
468 782 550 832 fustis
560 781 639 832 humi
653 780 811 850 signaverat
820 779 948 845 herbam,

214 847 321 898 Desinit
334 865 391 901 esse
411 868 504 916 cruor,
520 851 666 919 ¹Tyrioque
679 849 814 902 nitentior
827 857 904 902 ostro

214 916 277 969 Flos
290 917 389 983 oritur,
413 919 595 989 formamque
603 917 686 988 capit,
708 936 793 988 quarn
801 917 880 970 lilia:
905 917 1000 971 sinen

212 987 369 1054 Purpureus
380 989 459 1041 color
471 990 547 1053 huic,
564 997 712 1058 argenteus
725 997 797 1040 esset
809 988 839 1038 in
851 986 915 1041 illis.

212 1057 275 1108 Non
288 1059 353 1110 tetis
368 1057 423 1110 hoc
437 1059 548 1110 Phoebo
565 1068 615 1120 est,
635 1057 756 1109 isenim
768 1057 822 1108 fuit
833 1065 935 1110 auctor
953 1054 1083 1122 honorit3

145 1127 194 1180 215
213 1128 274 1191 lpse
285 1142 348 1180 suos
366 1128 485 1196 gemitus
500 1127 575 1180 loliis
588 1127 730 1180 inscribit:
748 1126 812 1178 etei
830 1126 876 1177 ai·

211 1194 274 1245 Flos
285 1194 371 1248 habet
384 1197 564 1265 inscriptum:
591 1197 756 1265 funestaque
773 1196 869 1248 littera
881 1194 967 1247 ducta
978 1202 1028 1247 est.

181 1305 187 1316 Ι
211 1266 269 1314 Nec
285 1265 413 1333 genuisse
432 1267 519 1333 pudet
536 1270 656 1333 Sparten
670 1265 860 1332 Hyacinthon:
891 1264 1038 1334 honorque

210 1333 299 1382 Durat
311 1333 340 1383 in
353 1333 408 1386 hoc
423 1336 499 1387 aevi:
518 1334 741 1403 celebrandaque
753 1350 833 1385 more
845 1332 974 1401 priorum

150 1417 151 1420 ¹
210 1405 307 1451 Annua
321 1403 446 1470 praelata
457 1404 578 1455 redeunt
588 1404 755 1472 Hyacinthia
769 1420 882 1471 pompa.
1001 1449 1011 1470 ,

140 1471 194 1525 220
245 1475 279 1521 At
292 1470 315 1522 si
327 1471 402 1523 forte
416 1489 498 1543 roges
509 1472 661 1525 fecundam
673 1473 845 1525 Amathunta
861 1471 979 1534 metalli,

209 1541 250 1589 An
264 1541 470 1609 genuissevelit
481 1543 677 1610 Propoetidas3
703 1543 809 1595 abnuat
823 1558 922 1611 aemio,

41 1599 44 1608 ’
106 1623 113 1629 ’
208 1611 298 1678 Atque
311 1609 673 1681 illos‚.g'eminoquondern
691 1612 790 1682 quibua
806 1628 904 1680 aspere
917 1626 1004 1664 cornu

154 1717 158 1726 ,
206 1679 293 1729 Frons
306 1688 381 1739 erat;
405 1681 479 1732 unde
492 1681 576 1733 etiam
593 1699 699 1734 nomen
713 1691 824 1734 traxere
842 1683 981 1735 Cerastae.

141 1792 143 1796 ,
208 1751 278 1799 Ante
291 1747 367 1801 fores
379 1750 480 1802 horum
491 1752 584 1803 stabat
599 1752 671 1815 Iovis
683 1751 803 1821 Hospitis
816 1767 874 1815 are,

137 1815 190 1870 225
208 1817 479 1886 Lugubrissneleris3
504 1837 591 1890 quem
610 1820 706 1889 siquis
719 1820 855 1940 sanquine
872 1819 994 1873 tinctam

206 1884 319 1938 Advena
332 1888 452 1953 vidisset,
469 1899 608 1942 mactatos
625 1891 753 1943 crederet
763 1891 773 1941 i
785 1889 822 1942 lic
838 1887 852 1912 Χ

206 1956 353 2007 Lactentes
364 1958 472 2017 vitulos,
490 1959 734 2012 Antathusiacmve
746 1959 889 2012 bidentes:

205 2025 311 2092 Hospes
327 2034 387 2078 erat
402 2044 506 2080 caesus.
530 2028 623 2080 Sacris
636 2029 741 2081 offensa
759 2027 901 2097 nefandis,

206 2096 266 2160 Ipsa
280 2111 330 2146 sua
343 2097 436 2162 urbes,
455 2098 643 2167 Ophiusiaque
658 2115 724 2149 arva
736 2098 860 2166 parabat¹

135 2160 188 2226 230
205 2163 336 2216 Deserere
347 2165 425 2218 alma
437 2169 537 2219 Venus.
572 2168 628 2219 Sed
642 2167 710 2236 quid
726 2167 894 2237 locagrata,
954 2163 981 2217 'd
993 2163 1075 2217 urbes

203 2232 358 2285 Peccauere
371 2235 470 2286 meae?
500 2236 577 2304 quod
592 2237 710 2304 crimen,
729 2237 807 2302 dirit,
824 2236 854 2287 in
865 2234 920 2289 illis

203 2300 303 2353 Exsilio
315 2319 438 2374 poenam
452 2306 543 2373 potius
556 2322 624 2375 gens
634 2306 721 2374 impia
735 2306 848 2374 pendat,

202 2370 254 2420 Vel
262 2388 341 2438 nece,
360 2372 406 2424 vel
418 2373 441 2424 si
456 2374 523 2442 quid
536 2376 661 2427 medium
678 2374 1001 2445 mortisque-fugaeque.

202 2439 290 2509 quue
305 2442 372 2511 quid
387 2459 445 2502 esse
456 2452 556 2512 potest,
574 2445 628 2495 nisi
640 2462 736 2497 versae
750 2462 841 2513 poena
855 2441 983 2513 figurae?

132 2507 184 2564 235
203 2511 275 2560 Dum
291 2510 412 2578 dubitat,-
428 2530 483 2583 quo
497 2523 589 2565 mutet
601 2531 664 2576 eos3
693 2515 728 2565 ad
742 2531 848 2566 cornua
860 2512 972 2566 vultum

103 2619 105 2626 s
173 2596 176 2600 ·
202 2578 299 2643 Fleant,
313 2591 342 2632 et
353 2583 497 2634 admonita
510 2592 551 2635 est
563 2583 634 2635 haec
646 2583 700 2635 illis
707 2601 788 2653 posse
800 2582 937 2651 relinqui:
976 2627 980 2630 .

201 2650 380 2719 Grandiaque
395 2652 424 2703 in
436 2661 529 2704 torvos
543 2654 728 2705 transformat
740 2653 869 2705 membra
881 2652 1022 2705 iuvenoot.

236 2721 304 2769 Sunt
317 2728 413 2772 tamen
424 2722 578 2774 obscoenae
592 2719 730 2775 Venerem
739 2720 920 2790 Propoetides
931 2737 1014 2775 ausae

200 2787 263 2838 Esse
274 2804 377 2857 negare
392 2791 489 2842 deam:
512 2809 634 2861 proquo
648 2809 705 2857 nra,
730 2792 918 2856 numinisyira,
952 2817 955 2828 v

130 2851 183 2907 240
200 2857 322 2924 Corpora
337 2875 402 2910 curn
414 2859 508 2912 forma
522 2861 630 2929 primae
643 2861 768 2941 vulgasse
780 2862 927 2914 feruntur:

201 2927 294 2993 thue
307 2928 400 2993 pudor
413 2929 500 2993 cessit,
518 2931 687 3000 sanguisque
699 2931 824 2981 induruit
835 2929 900 2996 oris,

198 2996 229 3044 ln
242 2994 366 3064 rigidum
380 3014 464 3062 parvo
479 2998 585 3051 silicem
598 3000 759 3052 discrimine
774 3015 879 3052 versae.

200 3065 276 3123 Quae
288 3065 354 3132 quia
367 3067 526 3135 Pygmalion
543 3087 643 3121 aevum
664 3086 715 3137 per
727 3070 835 3121 crimen
853 3074 968 3138 agente·

198 3132 328 3199 Viderat,
354 3135 475 3186 offensus
488 3137 569 3202 vitiis,
588 3154 660 3207 quae
673 3138 794 3207 plurima
804 3137 895 3189 menti

129 3195 180 3253 245
197 3201 344 3253 Femineae
358 3205 460 3256 Natura
471 3205 559 3267 dedic
578 3210 638 3259 sine
654 3209 774 3278 coniuge
784 3205 905 3260 -ceelebt
966 3237 969 3242 Δ

196 3266 322 3335 Vivebat,
339 3271 509 3342 thalamique
521 3275 568 3327 diu
584 3287 717 3329 consorte
730 3277 853 3331 carebat.

196 3338 433 3404 Intereaniveum
447 3342 519 3397 mira
531 3344 656 3399 feliciter
666 3355 727 3400 arte
