2350 3834
48 234 49 241 ’
76 213 118 276 18
326 213 358 269 Ρ.
381 208 527 269 ovtnn
546 208 745 267 NASONIS

76 359 129 418 645
145 359 294 430 Decerptas
307 355 400 411 senior
410 367 574 428 porrexerat
584 358 702 412 Inachus
716 358 845 425 herbasr

146 429 197 482 llla
210 444 309 481 manus
320 428 434 494 lambit,
451 430 604 500 patriisque
616 428 663 480 dat
675 430 771 482 oscula
781 428 896 500 palmis:

146 500 206 552 Nec
218 498 320 550 retinet
333 497 478 550 lacrimas:
497 508 540 566 et,
557 498 679 552 simodo
697 499 783 553 verba
796 506 956 568 sequantur,

147 571 214 619 Oret
226 584 324 637 opem,
341 582 500 637 nomenque
514 585 612 633 suurn,
631 584 764 637 casusque
778 568 920 638 loquatur.
984 561 993 617 ἶ

145 636 253 690 Littera
265 653 317 706 pro
330 635 437 700 verbis,
456 652 541 706 quam
554 655 602 707 pes
615 637 644 688 in
660 636 775 706 pulvere
790 636 876 705 duxit,

77 707 130 764 650
147 704 275 774 Corporis
286 704 421 757 indicium
435 707 534 758 mutati
546 707 624 758 triste
634 706 751 776 peregit.
909 698 916 718 ⁸

146 778 192 827 Me
202 774 351 827 miserum!
369 774 506 827 exclamat
517 785 600 845 pater
610 775 744 827 Inachus:
760 774 846 845 inque
860 774 999 847 gementis

147 843 296 909 Cantibus,
314 843 449 896 ‘etniveae'
463 845 587 924 pendens
599 845 706 897 cervice
723 844 868 911 iuvencae,
981 860 984 867 ¹

145 914 190 966 Me
204 912 355 986 miserum!
373 912 536 984 ingemrnat.
559 917 643 967 Tune·
653 930 681 965 es
694 913 818 984 quaoeita
829 930 883 983 per
893 928 1000 981 omnes,
1125 954 1126 985 ,

146 984 233 1048 Nata,
251 982 320 1033 mihi
331 983 439 1035 terras?
456 992 488 1035 tu
502 1001 559 1035 non
572 986 686 1035 inventa
697 990 810 1051 reperta
1029 992 1032 995 '
1125 994 1126 999 ’

76 1052 128 1111 656
144 1054 248 1103 Luctus
260 1068 320 1103 eras
334 1051 430 1105 levior.
465 1053 588 1106 Retices:
605 1069 659 1105 nec
672 1061 770 1104 mutua
782 1051 885 1104 nostris

143 1120 225 1173 Dicta
239 1119 343 1190 refers3
362 1120 418 1173 alto
431 1130 543 1174 tantum
556 1123 672 1191 suspiria
686 1121 766 1174 ducis

143 1192 275 1242 Pectore:
294 1189 424 1259 quodque
435 1208 523 1242 unum
535 1200 629 1260 potes,
648 1190 684 1257 ad
697 1206 761 1243 mea
773 1190 861 1243 verba
869 1189 1004 1262 remugit.
1040 1234 1042 1241 .

145 1263 182 1311 at
193 1258 247 1310 tibi
258 1274 310 1327 ego
322 1259 435 1328 ignarus
447 1259 586 1312 thalamos
599 1259 749 1329 taedasque
763 1260 913 1328 parabam:

144 1332 266 1398 Spesque
281 1326 335 1379 fuit
347 1327 444 1397 generi
455 1329 522 1381 mihi
536 1329 643 1398 prima,
661 1327 783 1381 secunda
799 1339 945 1399 nepotum.

75 1395 128 1454 660
143 1398 185 1450 De
198 1412 285 1468 grege
296 1414 372 1448 nunc
383 1397 435 1449 tibi
449 1397 507 1464 vir,
525 1415 601 1450 nunc
615 1399 649 1450 de
663 1414 749 1517 greqe
763 1406 846 1452 natus
858 1397 1015 1454 habendus.

143 1469 204 1520 Nec
218 1465 299 1517 finire
310 1465 378 1518 licet
387 1475 479 1519 tantos
492 1466 563 1518 mihi
576 1477 670 1519 morte
685 1468 720 1519 do
733 1483 811 1520 ores:

144 1535 199 1588 Sed
210 1543 295 1593 nocet
307 1551 366 1587 esse
377 1535 475 1588 deum:
491 1537 694 1607 praeclusaque
707 1537 792 1588 ianua
804 1536 856 1590 leti

108 1614 112 1629 ¹
144 1609 297 1657 Aeternum
310 1614 419 1657 nostros
432 1604 525 1657 luctus
538 1606 661 1659 extendit
677 1606 832 1662 inanum.

143 1672 223 1726 Talia
235 1674 372 1726 moerenti
386 1673 510 1727 stellatus
521 1676 667 1728 submovet
679 1682 778 1747 Argus,

76 1740 127 1799 665
143 1745 331 1813 Ereptamque
341 1744 415 1813 patri
427 1743 534 1796 diversa
546 1744 577 1796 in
586 1762 689 1815 pascua
703 1754 799 1798 natam

144 1811 296 1864 Abstrahit.
329 1816 341 1865 I
361 1829 390 1865 se
406 1813 505 1882 procul
517 1815 621 1866 montis
633 1815 752 1867 sublime
767 1830 903 1866 cacumen

140 1880 283 1951 Occupat:
300 1830 374 1934 unic
385 1882 590 1952 sedenspartes
602 1883 761 1952 speculetur
771 1884 802 1934 in
814 1899 918 1935 omnes.

181 1951 240 2004 Nec
253 1954 390 2019 Superum
400 1960 494 2004 rector
504 1953 579 2004 mala
591 1961 669 2004 tanta
679 1951 851 2005 Phoronidos
862 1952 938 2005 ultra

144 2023 230 2073 Ferre
244 2028 350 2089 potest:
367 2029 520 2091 natumque
533 2031 631 2084 vocat,
650 2038 734 2092 quern
746 2021 841 2074 lucida
854 2029 939 2091 partu

76 2084 129 2145 670
145 2089 235 2143 Pleias
249 2088 328 2142 enixa
340 2098 393 2142 est:
418 2086 531 2160 letoque
547 2091 606 2158 det,
617 2090 759 2160 imperat,
779 2095 893 2161 Argum.

143 2161 232 2212 Parva
244 2167 391 2226 moreest,
408 2160 465 2211 alas
478 2159 610 2228 pedibus,
628 2160 792 2230 virgamque
802 2158 912 2227 potenti

111 2245 114 2249 ·
144 2226 333 2280 Scmniferam
344 2228 472 2286 sumsisse
484 2245 584 2295 manu,
601 2229 781 2300 tegimenque
795 2228 911 2296 capillis.

145 2300 223 2350 Haec
238 2296 287 2349 ubi
298 2297 445 2366 disposuit,
461 2299 553 2378 patria
565 2302 630 2350 Iove
641 2306 722 2350 natus
733 2298 769 2349 ab
782 2312 849 2349 arce
970 2300 973 2305 ‘

142 2365 243 2420 Desilit
253 2365 284 2417 in
295 2374 392 2418 terras.
425 2365 486 2419 nhc
500 2366 680 2437 tegimenque
693 2365 823 2432 removit,

74 2433 127 2492 675
143 2439 177 2489 Et
187 2434 282 2506 posuit
292 2451 411 2504 pennas:
429 2436 623 2487 tantummodo
637 2436 715 2506 virga
726 2441 900 2489 retentaret.

143 2509 204 2559 Hac
216 2504 288 2576 agit,
306 2514 337 2557 ut
349 2513 459 2573 pastor,
474 2521 526 2572 per
539 2503 618 2555 devia
630 2521 696 2556 rura
711 2503 841 2578 capellis,

98 2588 101 2592 ⁴
142 2577 219 2627 Dum
230 2573 321 2642 venit,
338 2574 487 2626 abductas:
506 2581 534 2625 et
548 2573 660 2625 structis
674 2582 769 2626 cantat
780 2573 884 2628 avenis.

143 2648 222 2700 Voce
234 2659 308 2695 nova
323 2652 420 2711 captus
433 2651 525 2695 custos
536 2643 681 2710 Iunonius,
699 2648 735 2694 At
747 2652 788 2710 tu,

145 2711 274 2782 Quisquis
288 2728 333 2780 es,
350 2712 406 2765 hoc
416 2720 527 2781 poteras
538 2728 651 2765 mecum
668 2713 815 2765 considere
828 2727 902 2780 sexo,

75 2775 128 2834 680
145 2786 233 2853 Argus
247 2780 302 2834 ait:
317 2798 408 2852 neque
423 2779 498 2832 enirn
512 2782 610 2849 pecori
621 2783 770 2835 fecundior
782 2781 841 2835 ullo

144 2851 238 2904 Herba
249 2850 314 2902 loco
326 2861 380 2903 est:
398 2858 548 2920 aptamque
558 2850 636 2902 vides
673 2851 809 2904 actoribus
821 2851 961 2905 umbram.

144 2919 221 2972 sedit
233 2918 417 2986 Atlantiades,
436 2927 464 2971 et
479 2928 592 2971 euntem
602 2937 632 2972 nr
662 2929 692 2972 ta
705 2920 847 2991 loquendo
944 2948 948 2959 x

144 2989 268 3042 Detinuit
280 3005 409 3042 sermone
425 2987 515 3041 diem:
532 2987 688 3060 iunctisque
702 2990 829 3043 canendo

144 3059 265 3113 Vincere
277 3058 456 3111 arundinibus
469 3058 608 3110 servantia
620 3059 727 3113 lumina
739 3067 837 3117 tentat.

74 3122 127 3181 685
143 3127 194 3180 Ille
204 3120 299 3179 tamen
309 3137 415 3199 pugnat
424 3126 522 3181 molles
537 3129 664 3182 evincere
675 3145 804 3182 somnosc

143 3200 192 3261 Et,
209 3198 435 3267 quamvis‘sopor
447 3204 487 3249 est
499 3198 649 3250 oculorum
661 3208 740 3269 parte
750 3203 889 3266 receptus,

142 3269 223 3320 Parte
234 3275 329 3319 tamen
339 3266 445 3337 vigilat.
471 3268 587 3330 Quaerit
598 3285 723 3338 quoque,
741 3281 863 3336 namque
872 3272 987 3337 reperta
998 3296 1002 3307 1

142 3334 248 3391 Fistula
263 3352 353 3405 nuper
369 3346 444 3403 erat,
464 3353 518 3407 qua
530 3336 566 3388 sit
577 3338 688 3389 ratione
699 3345 820 3406 reperta.

177 3406 251 3462 Tum
261 3404 343 3477 deus,
360 3405 493 3462 Δτοαᾱίαο
505 3405 604 3480 gelidis
613 3402 808 3475 inrnontihru,
826 3403 925 3479 inquit,
