2350 3834
143 210 207 287 aar
358 210 841 319 ,asovrunuasours
918 190 939 258 ἶ

213 356 389 423 Concutiens,
408 363 438 408 et
450 355 546 419 tristis,
564 354 618 407 ait:
637 355 702 407 Non
718 354 835 421 falleris,
853 355 935 409 heros

144 426 197 487 645
214 427 349 479 Maxime:
366 434 499 478 natorum
511 424 605 477 vidisti
618 424 742 494 quinque
754 434 904 493 parentem

211 498 303 560 Quem
311 496 395 561 imno,
412 503 491 547 tanta
503 493 630 547 homines
645 511 742 549 rerum
754 495 945 547 inconstantia
956 502 1051 560 versat,

209 567 301 618 Paene
314 565 392 623 rides
407 565 517 617 orbum.
544 564 618 626 Quid
632 564 707 615 enim
720 564 789 616 mihi
802 564 877 616 filius
889 565 987 618 absens

210 634 330 688 auxilii?
349 650 434 703 quem
447 635 522 686 dicta
534 650 583 685 suo
602 632 637 685 de
648 633 763 686 nomine
777 634 861 687 tellus

209 704 318 757 Andros
330 703 424 769 habet,
442 721 494 774 pro
507 711 587 773 patre
599 702 752 772 locumque
767 714 795 755 et
806 720 895 774 regna
912 711 1058 757 tenentem

141 773 194 830 650
210 773 306 825 Delius
321 774 471 844 augurium
484 772 561 826 dedit
573 771 655 824 huic:
674 770 751 824 dedit
768 774 857 826 altera
876 773 963 826 Liher

209 843 358 895 Femineae
374 845 444 897 sorti
454 852 521 895 voto
528 841 638 893 maiora
653 841 766 911 fideque
835 882 838 885 Α
965 844 970 855 “

209 914 340 965 Munera:
358 930 425 964 narn
437 921 519 965 tactu
528 920 660 963 natarum
673 921 776 963 cuncta
786 928 916 965 mearum
962 966 964 971 ,

208 984 241 1034 In
253 989 386 1052 segetem,
403 981 576 1101 laticemque
590 980 671 1044 meri,
688 981 863 1051 haccamque
875 982 1017 1035 Minervae

208 1051 500 1118 Transformahantur,
539 1050 651 1119 ivesque
663 1060 724 1103 erat
737 1067 801 1102 usus
811 1052 842 1111 in
853 1051 917 1103 illisj

139 1121 191 1178 655
207 1123 268 1174 Hoc
281 1121 331 1173 ubi
345 1139 378 1173 co
420 1121 487 1186 ovit,
505 1120 606 1173 Troiae
617 1119 776 1188 populator,
795 1119 920 1185 Atriden

208 1193 250 1243 Ne
260 1208 317 1243 non
330 1207 362 1242 er
375 1208 391 1242 a
405 1190 469 1260 'qua
479 1198 602 1243 vestram
613 1190 729 1242 sensisse
742 1189 899 1257 procellam

207 1262 264 1313 Nos
288 1276 399 1330 quoque
416 1268 498 1329 parte
513 1268 603 1327 putes,
621 1275 766 1310 armorum
779 1258 883 1313 viribus
895 1275 961 1313 usus

207 1330 350 1382 Abstrahit
362 1330 466 1383 invitas
476 1329 585 1398 gremio
594 1328 742 1398 genitoris,
761 1328 903 1397 alantque,

207 1402 339 1467 Imperat,
356 1397 519 1469 Argolicam
531 1397 646 1449 coelesti
658 1414 774 1450 munere
788 1398 915 1450 classem.

138 1468 191 1523 660
207 1468 350 1538 Effugiant
363 1484 418 1538 quo
431 1484 505 1537 quae
546 1483 561 1518 e
575 1475 677 1535 potest.
701 1467 815 1520 Euboea
828 1467 946 1535 duabu,

206 1539 240 1590 Et
251 1537 371 1590 totidem
379 1538 451 1589 natis
464 1540 505 1588 An
526 1552 572 1588 ros
587 1537 716 1590 fraterna
728 1536 817 1605 petita
832 1546 882 1590 est.
919 1553 922 1557 ’

206 1607 286 1659 Miles
300 1607 387 1674 adest,
406 1610 443 1672 et,
461 1606 491 1658 ni
504 1605 650 1672 dedantur,
668 1605 745 1658 bella
756 1606 890 1660 minatur.

206 1676 289 1729 Victa
301 1686 380 1729 metu
392 1676 481 1746 pietas
492 1675 633 1729 consortia
646 1685 762 1745 pectora
773 1692 882 1744 poenae
972 1718 976 1729 .

184 1752 188 1759 “
205 1745 304 1809 nediu
323 1756 351 1799 et
364 1755 396 1798 ut
406 1746 506 1798 timido
520 1747 607 1814 possis
621 1746 767 1814 ignoscere
777 1746 872 1811 fratri,

136 1816 189 1873 665
206 1817 270 1868 Non
284 1814 331 1867 hic
342 1820 458 1883 Aeneas,
476 1833 542 1878 non,
581 1816 609 1867 ui
621 1815 787 1871 defenderet
801 1814 925 1882 Andron,

206 1887 312 1938 Hector
325 1893 393 1949 erat,
413 1902 465 1954 per
481 1902 550 1953 quos
560 1834 705 1943 decimum
717 1884 835 1936 durastis
848 1883 879 1936 in
894 1900 1009 1937 anuum.

209 1958 324 2025 Iamque
336 1955 508 2023 parabantur
525 1954 640 2022 captivis
656 1953 750 2006 vincla
762 1953 888 2008 lacertis:

205 2023 274 2079 illae
288 2022 419 2077 tollentes
435 2023 590 2076 etiamnum
602 2023 692 2076 libera
707 2023 787 2076 coelo

178 2110 183 2115 ’
203 2091 329 2158 Brachia,
347 2093 455 2146 Bacche
470 2101 559 2162 pater,
578 2093 624 2145 fer
637 2110 730 2162 opem,
749 2093 857 2158 direre3
874 2091 997 2164 tulitque

135 2160 188 2219 670
205 2162 326 2215 Muneris
339 2173 438 2215 auctor
456 2178 553 2232 opem:
572 2163 597 2213 si
609 2162 681 2215 miro
699 2163 818 2231 perdere
832 2179 911 2214 more

204 2235 287 2286 Ferre
304 2241 425 2284 vocatur
435 2248 527 2300 opem.
554 2233 623 2296 Nec,
637 2249 691 2301 qua
704 2232 814 2285 ratione
828 2233 950 2302 figuram

175 2300 386 2366 ,Perdiderint
403 2300 484 2370 potui
498 2300 579 2366 scire,
591 2311 646 2352 aut
659 2318 734 2353 nunc
748 2300 842 2353 dicere
856 2299 970 2370 possim.

202 2374 318 2423 Summa
333 2371 401 2422 mali
415 2378 481 2422 nota
495 2379 549 2422 est:
567 2387 673 2438 pennas
683 2387 816 2433 sumsere,
834 2378 957 2438 tuaeque

192 2439 272 2505 ,Goni
311 2440 333 2492 is
346 2441 377 2492 in
392 2439 548 2504 volucrem,
566 2440 660 2491 niveas
676 2440 771 2492 abiere
784 2439 938 2494 columbas.

134 2510 187 2574 675
237 2458 350 2562 Tullius
362 2518 446 2580 atque
459 2509 520 2561 aliis
531 2518 680 2578 postquam
691 2508 818 2561 convivia
832 2508 912 2560 dictis

202 2579 366 2648 Implerunt,
383 2596 482 2633 mensa
494 2596 626 2631 somnum
637 2579 744 2648 petiere
754 2586 873 2630 remota.

202 2651 326 2717 Cumque
340 2648 386 2700 die
399 2658 526 2719 surgunt,
544 2647 705 2718 adeuntque
722 2647 838 2700 oracula
850 2645 964 2712 Phoebi,

203 2718 257 2781 Qui
266 2727 362 2786 petere
377 2718 520 2788 antiquam
534 2726 662 2783 matrem,
681 2726 857 2788 cognataque
873 2715 953 2767 iussit

201 2786 319 2841 Littora.
344 2788 524 2858 Prosequitur
537 2805 597 2853 rer,
617 2797 645 2839 et
656 2787 706 2841 dat
724 2803 824 2838 munus
836 2785 927 2852 ituris,

134 2856 186 2911 680
201 2856 338 2909 Anchisae
357 2873 403 2908 sce
423 2866 508 2921 trum,
527 2856 713 2925 chlamydem,
731 2855 950 2925 pharetramque
965 2853 1066 2922 nepoti,

204 2927 317 2999 Cratera
332 2875 449 2989 Aenehe,
469 2942 552 2994 quern
569 2926 711 2995 quondam
723 2925 840 2977 miserat
849 2924 894 2976 illi

202 2997 308 3063 Hospes
323 2994 358 3045 ab
374 2994 468 3047 Aoniis
480 2992 599 3046 Therses
609 2996 742 3048 Ismenius
758 2995 823 3046 oris.

201 3063 314 3115 Miserat
325 3062 401 3114 hunc
413 3063 456 3117 illi
468 3063 594 3129 Therses,
614 3064 802 3117 fabricaverat
815 3063 904 3117 Alcon

201 3131 318 3199 Myleus,
338 3140 367 3183 et
379 3131 465 3202 longo
481 3132 640 3185 caelaverat
652 3142 829 3204 argumento.

133 3199 185 3255 685
202 3200 359 3267 Urbs'erat,
378 3210 407 3253 et
419 3209 526 3270 septem
537 3218 631 3271 posses
641 3203 788 3268 ostendere
802 3209 914 3272 portas:

201 3272 260 3321 Hae
273 3284 324 3337 pro
336 3271 449 3322 nomine
463 3279 552 3337 erant,
570 3279 608 3336 et,
646 3289 699 3325 uae
711 3274 789 3325 foret
797 3272 856 3335 illa,
874 3269 1021 3323 ‹lucebant›

202 3342 274 3390 Ante
286 3338 387 3392 urbem
398 3339 541 3411 exequiae,
558 3349 620 3395 tum
654 3343 659 3353 ’
701 3360 726 3411 e,
742 3343 886 3413 ignesque,
904 3339 1029 3411 rogique,
