2350 3834
135 223 206 286 192
286 269 287 272 η
398 223 430 276 P.
452 219 608 277 OVIDII
628 219 822 278 NASONIS

201 369 253 422 Ille
267 369 352 422 etiam
361 366 474 438 liquidis
487 368 595 438 palmas
606 366 656 419 uhi
667 365 877 435 isserat-undis,
943 411 948 416 ,

202 438 283 492 Unda
294 440 385 490 fluens
399 437 499 507 palmis
512 438 627 491 Danaen
643 435 756 488 eludere
767 446 868 505 posset.

203 508 256 561 vix
269 525 329 576 spes
342 506 400 575 ipse
415 523 477 558 suas
491 507 584 558 animo
601 506 684 574 capit,
703 522 787 557 aures
799 505 910 575 {ingens

204 578 312 629 Omnia.
349 575 486 627 Gaudenti
498 592 608 629 memus
620 589 738 644 posuere
751 574 882 642 ministri,

134 647 187 704 120
202 648 363 698 Exstructas
375 644 499 714 dapibus,
516 662 569 698 nec
579 652 670 695 tostae
681 643 770 713 frugis
783 652 903 715 egentes.

150 757 155 764 .
202 716 276 767 Tum
286 731 363 781 vero,
381 714 437 766 sive
448 714 497 766 ille
511 732 562 767 sua
574 713 698 765 Cerealia
710 713 806 765 dextra

202 786 321 837 Munera
336 784 509 865 contigerat3
527 783 651 836 Cerealia
662 781 736 835 dona
746 781 885 853 rigebant·

203 854 266 906 Sive
281 853 365 922 dapes
377 852 458 905 audo
473 852 631 905 convellere
644 851 728 903 dente
741 852 876 920 parshut3

202 923 321 975 Lamina
333 921 412 974 fulva
425 921 519 991 dapes,
536 922 654 974 admoto
668 920 761 987 dente,
779 920 924 974 nitebant..
990 967 993 978 ,
1013 947 1017 952 ·

134 990 186 1049 125
203 994 353 1045 Miscuerat
369 991 445 1061 puris
457 1000 603 1044 auctorem
614 990 738 1044 muueris
751 989 851 1055 undis;
907 990 908 994 ’

204 1062 296 1115 Fusile
309 1078 361 1131 per
373 1060 462 1113 rictus
474 1077 574 1113 aurum
585 1061 700 1112 fluitare
714 1058 832 1111 videres.
893 1113 899 1117 ,

167 1139 171 1144 ’
202 1130 345 1184 Attonitus
360 1129 485 1182 novitate
497 1130 574 1197 mali,
592 1129 734 1198 divesque,
751 1128 892 1198 miserque

202 1200 334 1271 Effugere
346 1208 426 1268 optat
440 1214 515 1268 opes,
533 1207 572 1265 et,
590 1215 661 1268 quae
675 1197 759 1249 modo
774 1206 899 1265 voverat,
918 1196 987 1251 odita
1041 1203 1045 1208 “

205 1271 291 1349 Copia
302 1268 380 1324 nulla
392 1269 500 1320 famem
510 1269 630 1320 relevat:
648 1267 707 1318 sitis
720 1267 800 1318 aride
812 1275 910 1336 guttur

136 1334 189 1392 180
206 1342 276 1404 Urit,
295 1346 323 1390 et
334 1337 422 1389 inviso
438 1336 553 1389 meritus
564 1344 712 1405 torquetur
726 1336 763 1387 ab
778 1351 855 1387 auro.

203 1406 245 1459 ad
258 1407 546 1475 coelumquamanus,
564 1414 593 1457 et
605 1404 750 1474 splendida
763 1404 880 1457 brachia
891 1403 1002 1470 tollens,

204 1479 246 1529 Da
260 1476 380 1540 veniam,
397 1479 508 1527 Lenaee
520 1484 610 1545 pater,
628 1474 812 1543 peccavimus,
829 1474 935 1543 inquit;

204 1545 260 1598 Sed
271 1544 413 1611 miserere,
430 1561 540 1613 precor,
557 1543 740 1613 speciosoque
754 1543 794 1595 eri
844 1543 958 1596 damno.
1047 1565 1050 1572 ¹

205 1615 275 1666 Mite
295 1614 380 1666 deum
391 1631 494 1666 numen
505 1613 631 1665 Bacchus
643 1629 773 1682 peccasse
802 1620 929 1665 stentem

137 1681 189 1741 135
206 1683 344 1751 Restituit,
356 1692 530 1753 *pactamque
542 1683 638 1748 fidem,
658 1682 723 1734 data
736 1698 863 1747 munera,
879 1678 975 1733 solvit.

204 1756 280 1807 Neve
291 1752 366 1804 male
380 1762 478 1821 optato
491 1768 604 1804 maneas
619 1750 792 1804 circumlitus
806 1767 884 1814 auro,

204 1823 291 1889 Vade,
312 1822 360 1888 ait,
378 1822 414 1873 ad
426 1821 536 1892 magnis
545 1820 671 1873 vicinum
685 1819 814 1872 Sardibus
827 1832 956 1883 amnem

204 1894 313 1961 Perque
324 1891 423 1962 iugum
435 1892 539 1943 montis
550 1890 708 1944 labentibus
722 1889 817 1941 obuius
832 1887 914 1939 undis

207 1963 296 2029 Carpe
310 1960 401 2026 viam3
420 1961 510 2012 donec
522 1961 617 2011 venius
631 1958 667 2011 ad
683 1957 807 2010 fluminis
822 1966 909 2010 ortua.

138 2026 191 2085 140
207 2028 421 2099 Spumifemque
431 2038 513 2081 tuum
526 2029 609 2095 fonti,
624 2044 683 2098 qua
693 2027 831 2097 plurimus
845 2026 911 2092 exit,

206 2099 299 2151 Suhde
310 2107 409 2168 caput:
428 2118 443 2151 c
497 2105 585 2167 usque
601 2097 692 2162 simul,
710 2096 794 2148 simul
805 2096 868 2148 elue
884 2094 1001 2150 crimen.

207 2170 266 2221 Rex
281 2167 371 2220 iussae
384 2185 451 2221 suco
491 2168 511 2218 't
521 2183 619 2236 aquae.
641 2166 688 2218 Vis
699 2182 785 2218 aurea
795 2164 881 2217 tinxit

207 2238 333 2305 Flumen,
352 2246 381 2289 et
392 2237 515 2288 humano
529 2236 565 2287 de
580 2252 700 2303 corpora
714 2237 796 2287 cessit
809 2234 841 2285 in
854 2248 976 2287 amnem.

206 2308 287 2359 Nunc
302 2319 413 2386 quoque
425 2307 482 2357 iam
494 2304 595 2357 veteris
607 2302 739 2373 percepto
754 2304 861 2356 semine
872 2318 961 2355 venae

139 2368 190 2430 145
207 2380 278 2428 Arva
291 2384 391 2447 rigent,
409 2392 479 2428 auro
493 2373 613 2425 madidis
623 2373 757 2442 pallentia
767 2372 864 2444 glebis.

243 2444 302 2510 l'lle,
311 2445 435 2515 'perosus
447 2460 522 2513 opes,
539 2442 621 2494 silvas
634 2451 662 2495 et
674 2457 740 2494 rura
752 2442 873 2507 colebat,

128 2535 131 2542 ⁷
157 2545 160 2550 <
207 2516 335 2584 Panaque
346 2515 485 2566 montanis
498 2512 672 2565 habitantem
684 2527 793 2581 semper
809 2512 840 2563 in
854 2509 951 2564 antris.

206 2585 312 2654 Pingue
326 2583 375 2635 sed
388 2582 532 2703 ingenium
544 2582 660 2634 mansit:
677 2582 870 2661 nocituraque,
887 2586 1005 2649 utente,

207 2654 311 2705 Rursus
325 2661 406 2705 erant
438 2651 533 2706 omino
547 2650 665 2713 stolidae
676 2650 842 2719 praecordia
852 2649 963 2706 mentis.

140 2714 193 2775 150
210 2724 290 2785 Nam,
307 2722 384 2780 freta
396 2721 577 2791 prospiciens,
595 2719 651 2772 late
663 2721 737 2789 riget
747 2719 849 2771 arduus
864 2718 922 2771 alto

209 2791 323 2843 Tmolus
338 2792 368 2842 in
384 2791 529 2844 adscensu:
549 2789 677 2859 clivoque
689 2796 814 2842 extentus
823 2795 954 2858 utroque,

134 2919 138 2932 Ι
199 2859 341 2912 ‘Sardibus
352 2859 428 2928 hinc,
445 2860 523 2911 illinc
536 2859 626 2927 parvis
640 2858 740 2910 finitur
749 2857 895 2927 Hypaepis.

208 2928 267 2982 Pan
280 2928 321 2981 ihi
332 2928 399 2981 dum
410 2929 513 2981 teneris
522 2928 611 2979 iactat
621 2944 671 2979 sua
681 2927 805 2980 carmina
816 2924 960 2995 Nymphis,

209 2999 244 3051 Et
256 2997 317 3050 leve
328 3007 423 3050 cerata
435 2996 599 3049 modulatur
609 2996 746 3049 arundine
758 3011 885 3060 caumatis
925 3025 927 3032 ι

142 3061 194 3121 155
211 3072 298 3119 Ausus
311 3068 469 3137 Apollineos
480 3081 548 3135 prae
561 3082 591 3117 se
606 3069 787 3117 oontemnare
798 3061 904 3132 casinas,

211 3136 306 3189 Iudice
318 3138 369 3189 suh
382 3136 482 3188 Tmolo
494 3142 637 3187 certamen
648 3134 773 3186 ueniuad
782 3135 882 3203 impar⁴

211 3207 308 3258 Monte
316 3222 368 3258 suo
380 3205 473 3257 senior
484 3203 568 3256 iudex
582 3203 716 3269 consedit,
735 3212 764 3256 et
776 3219 858 3256 sures

212 3274 325 3326 Liberat
337 3274 496 3327 arboribus.v
515 3275 628 3337 Quercu
641 3289 723 3325 coma
734 3273 853 3334 caerula
863 3279 974 3323 tantum

213 3343 347 3415 cingitur,
366 3351 393 3395 et
407 3343 530 3414 pendent
542 3343 651 3396 oneum
663 3357 731 3397 casu
743 3351 874 3414 tempora
886 3337 1007 3413 glandes
