2350 3834
632 124 643 155 ⁴t

118 237 195 311 ees
417 236 450 320 e,
472 235 624 295 cumi
644 236 839 301 useouss

195 382 260 439 Non
271 382 404 449 sinits2in
421 400 469 450 me
486 383 551 441 sciti
564 383 716 445 sceleratos
733 384 847 441 cernitis
863 399 951 440 enses.
1038 422 1039 427 κ
1070 416 1075 421 ,

195 456 272 517 Quos
285 453 440 523 prohibete,
457 468 568 524 precor,
592 454 757 525 facinusque
774 472 805 508 re
827 455 920 508 ellite:
944 470 1017 512 nese

195 521 287 574 Caede
300 522 453 577 sacerdotis
469 524 600 576 flammas
618 523 788 594 exstinguite
804 473 914 578 gestae.

228 590 308 644 Talia
319 592 510 663 nequidquam
521 601 583 647 toto
601 595 694 646 Venus
710 594 792 647 anxia
808 595 888 647 coelo
1069 642 1072 645 .

126 656 181 715 780
195 659 289 713 Verba
301 660 379 727 iacit,
394 665 573 732 Superosque
585 670 695 715 movet:
722 662 910 733 quirumpere
919 680 1094 738 quamqmm

195 730 298 781 Ferrea
310 746 368 781 non
386 738 505 799 possunt
517 740 647 785 veterum
661 730 776 785 decreta
788 737 934 797 Sororum,

195 797 280 868 Signa
291 806 389 851 tamen
399 799 493 852 luctus
510 799 578 853 dant
588 799 664 852 haud
679 799 790 855 incerta
805 801 904 856 futuri.

119 893 122 897 Δ
192 869 281 919 Arme
293 867 391 923 ferme
401 868 496 939 nigras
507 868 583 921 inter
595 868 760 938 crepitantia
771 870 869 937 nubes,

193 935 402 1017 Terribilesque
418 934 509 1003 tubas,
535 937 688 1018 auditaque
702 955 809 992 cornua
821 938 903 993 coelo

125 998 177 1058 785
193 1004 405 1059 Preemonmsse
420 1005 509 1073 nefus.
539 1006 646 1060 Phoebi
656 1024 768 1078 quoque
779 1007 866 1062 tristis
877 1008 973 1082 imago
1053 1065 1055 1069 ,

193 1072 298 1128 Lurida
310 1074 437 1128 sollicitis
453 1077 609 1146 praebebat
626 1076 734 1129 lumine
750 1077 841 1132 terris.

194 1145 284 1213 Saepe
304 1143 382 1197 feces
391 1143 472 1215 ¹visus
489 1145 590 1197 mediis
602 1145 701 1205 erdere
716 1146 767 1199 sub
782 1148 879 1200 astris:

193 1215 283 1281 Saepe
297 1213 372 1267 inter
383 1213 493 1268 nimbos
558 1223 604 1267 tae
621 1213 747 1267 cecidere
766 1225 913 1271 cruentae:

194 1281 324 1336 Caerulus
342 1290 372 1334 et
382 1282 494 1337 vultum
525 1283 655 1355 errugine
666 1284 780 1337 Lucifer
796 1294 859 1338 atre

124 1346 178 1405 790
195 1353 312 1420 Sparsus
329 1360 405 1418 eret,
429 1353 518 1433 sparsi
533 1353 645 1407 lunares
662 1352 796 1425 sanguine
811 1369 920 1410 currus.

191 1418 295 1472 Tristia
305 1419 384 1472 mille
398 1420 470 1474 locu
485 1423 597 1492 stygius
613 1420 690 1475 dedit
702 1421 799 1492 omina
808 1423 900 1477 bubo:

192 1486 273 1541 Mille
286 1487 355 1543 locis
366 1489 526 1542 lacrimavit
537 1493 617 1557 ebur,
635 1500 789 1561 cantusque
806 1492 937 1546 feruntur

194 1555 299 1625 Auditi,
315 1558 418 1612 senctis
435 1567 465 1611 et
478 1559 564 1613 verba
574 1561 696 1615 minacia
706 1560 786 1616 lucis.

161 1658 164 1661 v
189 1625 314 1678 Victima
325 1627 403 1681 nulla
415 1627 489 1695 litet,
506 1646 678 1701 magnosque
694 1629 798 1683 instare
809 1628 947 1683 tumultur

122 1694 174 1752 796
189 1695 274 1749 Fibra
280 1706 386 1767 monet,
395 1715 567 1770 >caesumque
579 1707 665 1768 caput
676 1699 816 1768 reperitur
828 1699 859 1751 in
870 1698 948 1754 extis.

192 1767 282 1835 Inque
293 1765 374 1834 foro,
399 1768 562 1839 circannque
575 1768 688 1835 domos,
714 1777 743 1821 et
755 1777 813 1821 tem
833 1766 863 1821 la
881 1767 1004 1823 deorum

190 1835 351 1887 Nocturnus
365 1835 486 1889 ululasse
499 1854 593 1903 canes,
609 1838 777 1908 umbrasque
790 1837 811 1889 ε’
824 1846 922 1890 entum

191 1903 331 1961 Ernesisse
344 1903 450 1971 ferunt,
473 1916 637 1977 mutemque
655 1906 826 1960 tremoribus
848 1906 962 1964 urben

122 2018 126 2023 .
174 1972 255 2035 quon
270 1980 365 2029 tamen
378 1974 509 2042 insidias„
518 1985 691 2047 venturaque
704 1975 815 2029 vincere
828 1975 889 2028 fate

122 2036 175 2096 800
188 2042 381 2099 Prasmonitus
391 2054 508 2114 potuere
523 2045 624 2100 deum:
654 2045 800 2115 strictique
812 2043 943 2098 feruntur

189 2113 223 2163 In
235 2111 374 2191 templum
383 2112 487 2184 gladii:
520 2132 556 2168 ne
597 2131 612 2166 e
625 2115 701 2169 enim
716 2114 796 2167 locus
807 2113 881 2167 ullus
892 2114 922 2167 in
936 2114 1016 2172 Urbe

188 2178 232 2232 Ad
244 2179 371 2249 fuemus,
390 2181 569 2255 ditemquep
599 2194 653 2250 cet,
670 2184 724 2236 nisi
742 2183 834 2250 Curia,
852 2183 978 2238 caedem.

189 2250 264 2301 Tum
275 2266 342 2303 vero
362 2252 497 2320 Cytherea
509 2270 597 2307 mauu
607 2253 745 2322 percussit
755 2262 816 2305 utra
857 2268 873 2305 e

140 2362 143 2366 .
163 2350 167 2357 ·
189 2318 306 2372 Pectus:
333 2327 363 2372 et
377 2319 502 2389 aetheria
514 2321 804 2388 molitur,conderen
845 2338 871 2386 e,

106 2378 173 2444 ,805
190 2389 251 2451 Qua
265 2388 343 2469 prius
351 2388 462 2443 infesto
475 2391 551 2444 Paris
564 2401 607 2445 est
617 2401 729 2461 ereptus
739 2389 861 2459 Atridae,

189 2458 224 2509 Et
238 2456 404 2513 Diomedeos
413 2463 519 2515 Aeneas
538 2461 651 2533 fugerat
664 2478 751 2515 enses.

187 2525 301 2580 Talibus
315 2527 390 2581 banc
406 2529 530 2600 genitor:
555 2531 623 2583 Sola
631 2529 818 2598 insuperabile
829 2527 932 2599 istum,

182 2596 279 2663 Nata,
304 2612 420 2651 movere
435 2599 537 2668 peres?
565 2600 652 2653 intres
671 2598 740 2652 licet
757 2598 817 2668 ipsa
840 2602 978 2653 Sororum

120 2727 122 2731 ι
160 2690 165 2697 ·
187 2665 275 2717 Tecta
285 2666 386 2733 trium:
412 2667 579 2733 cernesillic
592 2667 737 2723 molimine
754 2676 832 2720 vasto

119 2726 173 2789 810
188 2735 298 2787 Exsere
312 2744 341 2787 et
350 2735 439 2790 solido
451 2754 548 2791 rerum
563 2737 702 2791 tabularia
709 2738 802 2791 ferro:

187 2805 266 2865 Quee
276 2810 366 2873 neque
383 2822 552 2860 concursum
563 2807 653 2873 coeli,
675 2822 767 2876 neque
780 2805 906 2871 fulminis
919 2805 1014 2881 xiretur,

186 2873 246 2925 Nec
259 2881 387 2926 metuunt
399 2872 470 2927 ullas
488 2886 549 2929 tuta
564 2886 649 2947 atque
662 2885 775 2928 aeterua
794 2876 898 2931 ruinas.

186 2941 312 2993 Invenies
328 2941 388 2997 illic
402 2944 514 3009 inclusa
532 2945 681 2999 adamante
700 2942 818 3015 perenni

160 3034 165 3049 ν
186 3012 255 3062 Fata
267 3009 310 3060 tui
323 3012 444 3081 generis:
473 3012 611 3084 legiipse,
633 3015 784 3084 animoque
798 3011 905 3074 notavi,

118 3070 170 3135 815
186 3080 221 3130 Et
234 3078 367 3145 referam,
384 3097 420 3133 ne
434 3074 471 3133 sis
487 3083 643 3137 etiamnum
658 3084 757 3155 ignare
777 3080 875 3135 futuri.
966 3150 968 3153 ι

186 3147 238 3199 llic
257 3163 306 3200 sue
323 3148 489 3219 complevit,
516 3169 570 3221 pro
591 3170 656 3222 quo,
678 3152 823 3220 Cytherea,
848 3149 973 3218 labores,

185 3216 340 3284 Tempora,
364 3218 506 3287 perfectis,
525 3238 595 3291 quos
612 3230 705 3274 terrae
723 3220 830 3286 debuit,
846 3219 936 3276 annis.

186 3287 225 3334 Ut
240 3282 306 3336 deus
317 3287 433 3340 accedet
453 3288 543 3356 coelo,
560 3291 727 3360 templisque
748 3289 866 3356 coletur,
894 3358 897 3367 ν

35 3392 42 3405 ,
115 3371 122 3379 -
155 3372 161 3379 ·
185 3353 230 3404 Tu
240 3351 335 3425 iacies,
359 3364 496 3428 uetusque
510 3375 590 3427 sutis3
616 3378 666 3432 qus
680 3357 902 3426 norninishereu
