2350 3834
165 234 168 238 ·
245 187 863 289 neranoaeuosdoumatx.
966 229 1030 299 tto

68 378 96 429 N
97 387 136 429 ec
143 373 263 437 tuhi2t3
280 388 343 435 ,nec
355 388 412 441 qua
423 370 459 424 sit
478 371 711 429 cianantimmua
725 377 814 431 uredo

70 445 204 510 Quaerit:
229 450 258 494 et
273 442 406 511 obsequio
421 440 526 494 deferri
536 444 642 512 spernit
658 463 803 515 aquarum.

68 520 190 586 lamque
200 522 299 565 tenens
313 511 413 580 ripam,
431 511 528 564 musas
539 529 614 566 cum.
622 514 736 567 tolleret
749 515 841 585 uerti,

42 612 45 618 ·
71 583 204 654 Coiugis
221 582 336 653 agnovit
349 597 465 652 rocam3
489 584 632 652 Nessoque
662 594 759 638 naute

69 653 183 708 Fallere
199 651 365 720 depositum,
383 654 444 713 Quo
455 659 485 701 ta
497 650 609 717 fiducia,
628 602 738 714 clamat,
982 655 1033 710 120

69 726 152 775 Vana
165 721 278 791 pedum,
301 719 434 786 violente,
452 720 543 788 rapit?
569 721 631 787 tihi,
654 725 739 775 Nessa
755 722 894 791 biformis,

68 792 208 854 Dicimus,
227 788 335 856 exaudi,
353 804 406 840 nec
416 805 463 860 res
477 790 615 858 intercipe
627 800 744 846 nostras.

70 861 102 913 ei
115 869 147 912 te
160 858 241 911 nulla
251 859 310 910 mei
326 859 484 911 reverantia
494 861 601 922 movit3
626 869 656 911 at
666 862 749 913 orbes

71 929 246 982 Concubitus
269 927 371 979 vetitos
387 935 520 996 poterant
532 928 662 980 inhibere
678 929 798 999 paterni.
817 959 823 970 ι
1109 966 1112 974 ·

70 998 157 1051 Haud
167 1006 264 1050 tamen
279 995 318 1048 eff
358 997 362 1007 '
382 1013 403 1060 s,
420 997 547 1065 qumvis
562 1014 615 1065 ope
628 998 691 1051 fidis
703 999 814 1069 equina.
983 1001 1034 1059 125

71 1068 208 1131 Vulnere,
226 1082 283 1118 aon
298 1082 333 1134 pe
356 1064 414 1118 'bus
429 1075 458 1117 te
473 1083 637 1136 consequar.
672 1068 777 1120 Ultima
790 1067 866 1121 diota

70 1137 246 1217 Reprobat:
271 1143 299 1186 et
310 1134 393 1186 missa
411 1134 549 1205 fugientia
564 1137 646 1207 terga
658 1138 759 1207 sagitta

70 1206 201 1267 Traiicit.
236 1204 365 1256 Exstahn
375 1204 483 1257 ferrum
497 1204 532 1257 de
548 1215 663 1274 pectore
678 1207 829 1260 aduncum.

72 1273 159 1341 Quod
171 1273 254 1325 simiai
271 1272 396 1325 evulsum
410 1282 461 1338 est,
482 1275 593 1345 sanguis
609 1292 661 1344 per
672 1284 822 1346 unumque
836 1275 967 1332 dommus

70 1342 209 1408 Emicuit,
226 1342 456 1400 nn‘stushernaei
465 1345 531 1397 tabe
544 1346 652 1397 veneni.
982 1344 1035 1405 180

70 1412 187 1481 Excipit
199 1412 274 1464 hunc
286 1414 398 1465 Nessus:
421 1414 518 1482 Neque
535 1415 610 1465 eninr
628 1414 784 1467 moriemur
795 1414 886 1483 inulti,

73 1490 181 1536 Secum
195 1481 250 1534 ait:
276 1490 305 1533 et
317 1481 411 1533 calido
428 1482 565 1534 velamina
576 1484 665 1536 tincta
682 1501 783 1542 auore

70 1557 131 1606 Dat
146 1567 249 1603 munus
262 1558 366 1619 raptae,
383 1550 459 1603 velut
468 1552 614 1604 irritamen
625 1553 736 1606 amoris.

107 1625 172 1674 Lon
193 1637 210 1672 a
224 1619 280 1671 tuit
293 1620 379 1671 medii
389 1637 471 1672 mora
481 1622 633 1689 temporis:
657 1631 775 1691 actaque
784 1625 882 1696 magrsi
899 1673 902 1681 ,

36 1745 40 1754 „
71 1638 206 1745 Herculis
219 1688 373 1757 implerant
382 1698 483 1756 terras,
501 1690 653 1760 odiumque
664 1708 812 1746 novercae.
986 1692 1037 1755 185

70 1762 176 1816 Victor
189 1759 224 1811 al)
240 1758 370 1810 Oechalia
382 1761 493 1811 Cenaeo
507 1776 588 1811 sacra
604 1760 721 1827 parabat

71 1836 151 1883 Vota
161 1826 243 1892 ‘Iori3
263 1844 329 1879 cum
339 1831 423 1880 Fama
435 1829 540 1898 loquax
555 1829 704 1896 praecessit
718 1829 753 1881 ad
769 1845 859 1901 sures,
966 1887 970 1898 ,

71 1897 221 1962 Deianira,
238 1905 310 1961 tuas,
324 1913 396 1967 quae
411 1898 483 1949 veris
500 1898 603 1950 addere
620 1898 691 1951 falsa

72 1967 201 2033 Gaudet,
219 1973 247 2017 et
260 1982 275 2017 e
290 1967 407 2018 minima
420 1983 470 2018 sua
480 1983 533 2035 per
546 1967 695 2019 mendacia
711 1968 821 2035 creauit,

71 2035 345 2106 Amphitryoniaden
363 2036 434 2089 Ioles
450 2036 551 2088 ardore
564 2037 663 2089 teneri.
987 2035 1039 2094 140

73 2106 174 2164 Credit
184 2121 297 2169 ‚arnam
326 2106 496 2175 Venerisque
510 2122 598 2157 novae
615 2107 765 2174 perterrita
780 2105 860 2159 fama
962 2159 966 2166 ,

72 2173 197 2230 Indulsit
211 2174 305 2243 primo
318 2173 452 2242 lacrimis,
467 2174 620 2245 flendoque
633 2175 764 2228 dolorem
881 2205 884 2211 ·

72 2243 199 2299 Diffudit
212 2243 370 2295 miseranda
381 2260 477 2296 suum:
514 2262 581 2296 mox
595 2243 706 2311 deinde,
724 2245 797 2309 Quid
806 2253 902 2298 autem

73 2315 202 2380 Flemus,
216 2312 276 2364 ait?
293 2312 384 2381 pellex
391 2313 517 2365 lacrimis
526 2314 678 2366 laetabitur
693 2315 760 2368 istis.

75 2387 158 2450 Quae
182 2381 316 2453 quoniam
335 2382 477 2450 adventat,
505 2385 736 2503 properandum&
750 2382 970 2453 aliquidqueno·
989 2447 1040 2507 ω

65 2465 68 2468 ’
276 2475 278 2480 ’
660 2470 714 2505 ven
735 2469 785 2503 um
800 2460 851 2516 est,

73 2525 156 2575 Dum
168 2518 247 2586 licet,
268 2528 296 2572 et
310 2518 437 2572 nondum
450 2520 591 2573 didamoe
606 2527 686 2572 tenet
696 2521 785 2573 altare
796 2528 919 2572 nomos.
1017 2557 1021 2564 s

77 2594 256 2660 Conquerar,
280 2606 318 2641 an
331 2589 449 2642 deam?
475 2598 608 2711 lrlqlqetarn
620 2590 768 2658 Calydona,
785 2588 937 2643 naemei

75 2659 223 2715 Excedam
234 2659 336 2711 tectis?
355 2676 401 2722 an,
419 2658 483 2710 ain'
508 2658 513 2670 '
540 2658 669 2728 amplius,
688 2658 817 2711 obstem?

77 2728 157 2795 Quid
169 2728 203 2794 si,
221 2745 277 2788 me,
301 2728 450 2799 Meleagre,
466 2736 547 2784 tuam
559 2745 670 2781 memor
689 2743 747 2780 esse
766 2743 903 2798 suerent,

76 2803 165 2853 Forte
179 2814 250 2867 paro
264 2797 387 2860 fucinum
404 2806 596 2868 qmmunique
609 2796 710 2849 iniuria
720 2797 815 2869 possit,
989 2797 1042 2854 160

75 2868 300 2937 Fermineustpie
315 2867 404 2931 dolor,
425 2866 430 2877 ”
501 2876 547 2922 ata
562 2863 664 2936 pellice
681 2866 791 2921 testor?

76 2942 212 2990 Incursus
229 2936 336 2988 animus
350 2936 443 2987 varios
480 2936 559 2988 abet:
581 2936 710 2990 omnihus
721 2935 766 2989 illi

76 3004 219 3060 Praetulit
232 3004 371 3057 imbutam
383 3006 485 3057 Nesseo
502 3023 549 3057 san
591 3006 637 3057 ine
646 3015 753 3059 restem

76 3077 208 3140 Mittere,
223 3090 300 3145 quae
310 3075 382 3127 viras
394 3074 504 3128 deieao
516 3092 533 3127 r
588 3083 618 3127 at
635 3075 735 3129 amori.

78 3148 243 3217 ignaroque
256 3143 366 3212 lichae,
401 3181 403 3186 ·
425 3144 452 3196 'd
462 3144 558 3197 tradat
571 3146 674 3211 nescia,
690 3144 783 3198 luctus
988 3138 1041 3202 105

78 3218 95 3267 1
128 3230 146 3265 a
157 3229 223 3274 suos
235 3213 339 3266 tradit:
439 3214 537 3283 disque
553 3214 710 3267 miserrima
726 3212 817 3267 verbis

78 3231 165 3336 lidus
180 3281 230 3334 det
243 3281 294 3334 illa
304 3282 376 3348 viro,
393 3283 517 3338 mandat.
548 3284 632 3352 Capit
640 3283 742 3335 inscius
752 3282 846 3347 iseros,

63 3399 68 3406 .
79 3352 273 3421 induiturque
290 3351 415 3406 humeris
427 3356 568 3419 Lernaeae
581 3353 656 3405 virus
668 3350 817 3418 Echidnae.

80 3423 162 3477 Tura
173 3419 261 3476 dabat
272 3420 380 3492 primis,
402 3430 432 3476 et
443 3422 530 3478 verba
541 3421 697 3494 precantia,
715 3416 850 3483 flammis3
