2350 3834
242 233 689 291 METAMORPHOSEON
708 239 791 292 LIB.
812 239 864 292 111.
993 238 1032 300 51

71 377 200 446 Dixerat,
218 377 319 449 Ecquis
331 378 430 430 adest?
448 387 491 444 et,
508 380 606 443 Adest,
623 382 806 450 responderat
822 383 907 439 Echo.
983 374 1036 439 330

71 448 248 518 llie‘stupet:
267 457 352 568 utque
368 448 458 500 aciem
470 459 563 517 partes
580 451 684 503 dimisit
696 452 724 502 in
740 470 850 518 omnes,

70 519 165 584 Voce,
184 517 271 583 Veni,
280 536 305 577 ¹c
317 527 393 571 emat
405 535 515 588 magns.
547 525 637 573 Vocat
649 520 697 572 illa
710 532 867 575 vocantem.

71 587 207 656 Respicit:
227 596 255 639 et
267 586 346 638 nullo
358 600 453 639 rursus
466 588 611 655 veniente,
629 589 717 655 Quid,
735 591 834 661 inquit,

71 658 114 708 Me
127 655 223 726 fugis?
243 665 270 707 et
282 656 415 720 totidem,
433 666 503 726 quot
517 657 600 723 dixit,
618 659 703 711 verba
715 662 831 730 recepit.
976 694 979 698 -

69 726 194 790 Perstat,
212 735 242 777 et
256 724 383 778 alternae
397 725 532 795 deceptus
548 726 671 798 imagine
684 731 771 796 vocis,
980 731 1034 785 835

71 796 131 846 Huc
146 798 294 861 coeamus,
312 795 364 846 ait:
383 794 508 864 nullique
521 796 655 849 libentius
668 815 794 867 unquam

70 865 248 932 Responsura
260 881 342 931 sono,
361 866 512 929 Cedamus,
530 866 627 917 retulit
642 866 733 919 Echo:

70 934 102 983 Et
116 933 211 985 verbis
224 934 301 985 iavet
313 934 374 1003 ipsa
390 934 460 999 suis,
479 950 645 1005 egressaque
659 936 734 988 silvis

70 1003 146 1056 Ibat.
165 1011 197 1054 ut
208 1003 337 1054 iniiceret
348 1012 460 1071 sperato
475 1003 592 1055 brachia
607 1004 691 1056 collo.

70 1071 119 1123 Ille
134 1071 227 1142 fugit,
245 1072 427 1141 fugiensque,
445 1074 542 1123 Manus
557 1073 749 1143 complexibus
764 1072 859 1126 auser:
980 1073 1034 1129 890

70 1145 156 1203 Ante,
174 1141 227 1206 ait,
245 1142 383 1205 emoriar,
403 1159 489 1210 quem
503 1142 539 1192 sit
552 1142 604 1195 tibi
622 1143 702 1211 copia
718 1142 816 1198 nostri.

70 1210 175 1262 Retulit
187 1209 237 1261 illa
250 1211 337 1274 nihil,
355 1211 422 1275 nisi,
441 1211 482 1261 sit
493 1210 545 1262 tibi
560 1212 641 1280 copia
654 1212 750 1266 nostri.

70 1283 169 1347 Spreta
181 1279 252 1331 latet
265 1279 353 1345 silvis,
371 1279 590 1350 pudibundaque
604 1281 750 1333 frondibus
765 1297 816 1334 ora

69 1349 207 1418 Protegit:
227 1358 255 1401 et
267 1349 332 1401 solis
344 1366 377 1401 ex
389 1348 440 1407 illo
453 1349 521 1400 vivit
534 1350 563 1401 in
575 1351 671 1404 antris.

71 1418 122 1469 Sed
135 1427 232 1470 tamen
243 1418 342 1470 haeret
353 1435 449 1482 amor,
466 1418 623 1500 crescitque
635 1420 734 1472 dolore
747 1418 884 1490 repulsae.
978 1417 1031 1476 395

70 1492 221 1539 Attenuant
232 1487 330 1558 vigiles
345 1504 447 1556 corpus
461 1488 620 1541 miserabile
633 1506 732 1542 curae:
763 1494 765 1501 ⁴

69 1556 244 1626 Adducitque
259 1565 352 1609 cutem
366 1557 484 1618 macies;
503 1566 531 1609 et
544 1558 574 1609 in
590 1561 657 1610 aiira
670 1574 769 1610 succus

71 1626 199 1695 Corporis
211 1626 302 1678 omnis
317 1625 390 1677 abit:
410 1634 604 1693 sextantum,
623 1636 708 1697 atque
721 1634 782 1679 osse
794 1636 951 1698 supersunt.

70 1696 128 1746 Vox
140 1704 246 1748 manet.
267 1699 334 1746 Ossa
347 1695 444 1747 ferunt
456 1695 556 1763 lapidis
568 1696 684 1748 traxisse
697 1697 828 1766 figuram.

72 1763 149 1832 [lude
162 1764 232 1816 latet
244 1763 334 1817 silvis:
351 1764 486 1833 nulloque
500 1766 530 1816 in
544 1774 643 1817 monte
657 1765 784 1827 videtum
978 1764 1032 1822 400

71 1834 201 1885 Omnibus
214 1834 335 1886 auditur.
353 1851 436 1885 sonus
452 1842 506 1898 est,
526 1835 575 1903 qui
589 1834 657 1886 vivit
670 1834 699 1885 in
712 1834 781 1902 illa]

103 1903 148 1955 Sic
162 1903 248 1968 hanc,
266 1904 307 1955 sic
321 1903 405 1969 alias,
424 1903 505 1954 undis
519 1912 567 1954 aut
580 1903 721 1955 montibus
735 1914 820 1972 ortas,

70 1972 183 2023 Luserat
196 1972 243 2023 hic
257 1973 411 2041 Nymphass
430 1973 472 2023 sic
484 1981 581 2024 coetus
596 1982 660 2024 aute
674 1972 777 2024 viriles.

70 2041 134 2093 inde
148 2059 247 2093 maniis
260 2042 360 2111 aliquis
374 2042 519 2109 despectus
532 2041 567 2093 ad
581 2042 697 2093 aethera
709 2042 820 2106 tollens,

22 2130 23 2143 ¹
71 2110 113 2161 Sic
129 2120 204 2163 amet
217 2110 270 2162 iste
283 2111 366 2176 licet,
383 2111 424 2163 sic
437 2127 493 2161 non
507 2111 632 2230 qotiatur
644 2119 748 2176 amato,
977 2107 1030 2167 405
1086 2120 1088 2123 ’

69 2179 187 2233 Dixerat.
210 2180 333 2231 Assensit
343 2180 510 2248 'precibuslt
529 2180 656 2232 amnusia
670 2180 756 2231 iustis.

100 2251 172 2301 Fons
184 2260 245 2302 erut
256 2249 367 2313 illimis,
384 2248 481 2300 nitidis
494 2258 645 2319 argenteus
656 2249 746 2313 undis,

71 2317 158 2379 Quem
172 2335 264 2387 neque
276 2327 418 2387 pastores,
437 2334 529 2387 neque
541 2328 637 2387 pastae
651 2327 748 2369 monte
762 2315 889 2384 capellae

71 2385 262 2456 contigerant,
279 2387 390 2439 aliudve
403 2403 502 2456 pecus:
521 2405 606 2456 quem
617 2387 694 2438 nulla
708 2386 839 2453 volucris,

70 2456 126 2507 Nec
140 2457 201 2520 fera
214 2456 357 2522 turbarat,
374 2472 428 2508 nec
441 2455 534 2524 lapsus
547 2458 582 2509 ab
597 2456 698 2509 arbore
713 2471 817 2508 ramus.
972 2450 1042 2508 410¹

72 2525 187 2577 Gramen
204 2535 267 2579 eret
284 2527 377 2591 circa,
396 2525 472 2595 quod
485 2525 627 2594 proximus
642 2525 745 2577 humor
758 2523 860 2590 alebat,

71 2591 209 2665 Silvaque,
228 2596 287 2647 sole
300 2595 395 2646 lacum
408 2611 523 2663 passura
533 2604 679 2664 tepescere
692 2592 781 2645 nullo'.

72 2662 119 2714 Hic
131 2681 200 2731 puer
208 2679 223 2729 ,·
235 2673 263 2715 et
276 2664 367 2716 studio
378 2664 499 2715 venandi
511 2664 597 2716 lassus
610 2672 640 2735 et
652 2671 738 2724 aestu,

71 2730 231 2796 Procubuit,
248 2733 407 2803 faciemque
419 2733 491 2798 loci,
509 2733 675 2802 fontemque
689 2738 808 2783 secutus.

73 2800 193 2871 Dumque
207 2802 281 2853 sitim
295 2802 392 2854 sedare
406 2802 498 2870 cupit,
517 2802 575 2855 sitis
588 2803 678 2854 altera
691 2800 794 2861 crevit3
975 2797 1027 2854 415

74 2868 194 2940 Dumque
208 2872 295 2936 bibit,
313 2872 387 2923 visae
402 2881 547 2940 correptus
560 2872 685 2942 imagine
697 2870 817 2936 formae,

72 2940 149 3004 Spem
156 2941 212 2994 sine
221 2957 342 3009 corpore
349 2949 425 2993 amat
432 2959 439 2992 :
447 2957 548 3009 corpus
556 2950 638 3010 putat
645 2957 712 2994 esse.
722 2938 799 3009 quod
806 2937 906 2991 umbra
913 2943 963 2989 est.

71 3006 203 3077 Adstupet
214 3011 274 3079 ipse
287 3009 354 3077 sibi,
371 3009 507 3078 vultuque
519 3011 654 3063 immotus
667 3009 766 3063 eodem

72 3076 183 3142 Haeret,
201 3088 233 3131 ut
248 3096 264 3131 e
277 3079 356 3130 Pario
369 3078 524 3130 formatum
535 3096 678 3132 marmore
689 3080 809 3148 signnm.

72 3145 179 3212 Spectat
190 3149 269 3200 humi
280 3148 385 3217 positus
397 3148 556 3218 geminum,
576 3167 626 3201 sua
638 3148 767 3214 lumina,
779 3146 862 3214 sidus,
972 3138 1026 3195 420

72 3211 102 3262 Et
119 3214 147 3265 di
167 3233 215 3269 nos
227 3217 351 3282 Baccho,
369 3217 467 3286 dignos
479 3227 508 3269 et
520 3218 646 3287 Apolline
660 3218 760 3281 crines,

72 3280 130 3351 Imp
171 3303 252 3366 esque
267 3302 367 3367 genus,
387 3295 416 3337 et
431 3285 554 3339 eburnea
567 3288 655 3352 colla,
675 3287 816 3354 decusque

74 3352 143 3418 Oris,
162 3364 190 3406 et
203 3373 233 3408 m
246 3370 329 3407 niveo
342 3355 459 3408 mistum
472 3356 595 3410 candore
605 3357 753 3427 ruborem3
