2350 3834
195 214 197 219 ‘
259 208 879 315 unnauouanosaoumau.
999 222 1041 287 75

81 368 201 422 Iudicat.
218 367 413 436 comoedica
429 368 592 423 manoratie
609 369 752 436 omnibus,
769 369 846 424 unda

80 439 222 490 insonuit:
240 437 410 507 veniensque
425 434 563 490 irnmenso
580 439 675 507 bellua
693 448 781 508 ponto
829 480 832 485 Δ
1124 481 1132 493 .

80 508 209 573 Eminet,
235 516 263 559 et
279 506 368 561 latum
383 507 435 558 suh
451 516 566 575 pectore
582 508 706 576 possidet
721 525 836 578 aequor.
882 552 887 563 .
990 509 1044 564 690

83 577 248 628 Conclamat
262 576 358 646 virgo:
374 575 487 646 genitor
501 576 646 647 lugubris,
665 587 694 629 et
709 594 806 631 amens

81 648 173 697 Mater
189 645 283 711 adest,
300 646 384 709 ambo
401 645 510 711 moeri,
526 646 576 697 seu
592 647 691 698 iustius
704 647 765 700 illa.

80 717 142 768 Nec
159 731 259 767 secum
277 714 426 779 auxilium,
443 714 492 769 sed
510 714 608 784 dignos
623 724 754 784 tempore
772 717 866 782 fletus,

80 783 427 854 Plangoremqueferuut:
444 783 595 852 vinctoque
606 785 635 836 in
650 801 770 853 corpore
782 785 945 842 adhaerent.

82 854 155 904 Cum
171 854 212 904 sic
229 852 329 921 hospes
346 852 402 904 ait:
419 853 614 904 tacunarum
629 854 677 905 lon
699 871 716 904 a
732 871 847 906 manere
988 856 1040 911 695

80 924 223 990 Tempore
232 938 280 983 vos
288 930 435 990 poterunt:
453 921 489 972 ad
498 922 680 989 opembrevis
708 923 912 976 oraferendam
924 933 974 978 est.
1058 944 1061 963 ·

79 993 161 1043 Hanc
180 1007 232 1060 ego
250 990 273 1041 si
289 999 421 1059 peterem
434 993 546 1042 Perseus
563 995 629 1057 Iove
645 1000 741 1057 natus,
760 992 864 1058 atille,
960 1029 962 1033 «

81 1064 179 1123 Quam·
189 1059 315 1112 clamem
330 1059 459 1128 implevit
475 1059 598 1112 fecundo
615 1061 724 1129 Iupiter
741 1078 821 1126 auro,

50 1134 61 1154 ‘
81 1129 223 1198 Gorgonis
241 1129 426 1198 anguicomae
441 1132 556 1193 Perseus
573 1139 735 1200 superator,
754 1139 783 1182 et
800 1128 852 1182 elis
1117 1192 1119 1196 Α

79 1198 218 1250 Aetheriis
235 1215 316 1249 amus
332 1198 443 1250 iactatis
459 1197 504 1250 ire
519 1215 572 1269 per
590 1216 687 1263 auras;
990 1201 1044 1255 700

78 1267 245 1319 Praeferrer
262 1268 369 1319 cunctis
386 1275 462 1320 certe
478 1284 574 1338 gener.
610 1268 721 1320 Addere
737 1267 822 1328 tantis

77 1336 199 1388 Dotibus
217 1345 245 1387 et
262 1336 409 1403 meritum,
426 1335 540 1389 faveant
555 1337 641 1390 modo
659 1339 789 1406 numina,
806 1344 894 1393 tento.

4 1458 6 1461 ,
78 1408 119 1458 Ut
135 1421 201 1457 mea
217 1405 269 1470 sit,
285 1414 395 1458 servata
410 1422 475 1457 mea
490 1407 610 1472 uirtute,
627 1407 765 1476 paciscor.
858 1458 860 1467 ,

78 1474 232 1543 Accipiunt
244 1473 356 1544 legem,
374 1474 435 1544 quis
454 1475 527 1527 enim
545 1475 706 1531 dubitaret?
724 1486 752 1529 et
768 1483 860 1542 orant,

77 1544 308 1613 Promittuntque
324 1560 408 1612 super
424 1561 456 1596 re
495 1561 544 1596 um
561 1545 671 1612 dotale,
689 1554 828 1614 parentes.

77 1615 166 1666 Ecce!
185 1612 373 1679 volutamur,
390 1629 459 1682 prae
498 1631 514 1665 o
532 1615 649 1667 concita
665 1624 769 1679 rostro,

78 1682 178 1734 Sulcat
196 1698 296 1750 aquas,
312 1682 445 1735 iuvenum
462 1682 625 1734 sudantibus
643 1693 706 1736 acta
722 1682 852 1749 lacertis3

78 1751 126 1804 Sic
143 1751 221 1818 fera,
240 1749 353 1802 dimotis
370 1751 492 1819 impulsu
508 1754 630 1820 pectoris
647 1753 739 1819 undis,

78 1822 205 1873 Tantum
221 1820 320 1871 aberat
336 1821 471 1889 scopulis,
530 1830 627 1872 autum
640 1822 783 1874 Balearica
799 1828 876 1872 torto

76 1890 177 1942 Funde
194 1897 288 1958 potest
305 1887 419 1956 plumbo
437 1837 732 1943 mediimnsmittere
748 1891 834 1942 coeli:
965 1894 968 1896 ’

78 1958 150 2011 Cum
168 1958 261 2019 subito
278 1957 400 2024 iuvenis,
417 1959 534 2026 pedibus
551 1959 652 2011 tellure
670 1959 791 2029 repulsa,
864 1990 865 1995 =

75 2028 190 2080 Arduus
207 2028 237 2078 in
255 2026 343 2078 nubes
360 2027 437 2079 abita
473 2031 510 2078 Ut
527 2027 557 2078 iu
574 2044 697 2097 aequore
713 2043 824 2080 summo
841 2066 845 2073 .

76 2098 187 2150 Umbra
204 2096 259 2147 viri
274 2095 336 2147 visa
352 2105 408 2163 est,
425 2096 515 2148 risam
532 2096 596 2148 fara
613 2098 700 2149 saevit
717 2099 747 2148 in
764 2098 903 2152 umbrata.

4 2220 6 2229 ,
75 2170 172 2236 thue
190 2164 263 2217 Iouis
279 2181 413 2233 praepes,
429 2181 528 2217 vacuo»
539 2182 604 2217 cum
621 2167 690 2218 vidit
705 2166 736 2218 in
752 2183 820 2218 arvo

73 2234 265 2289 Praebentem
281 2233 394 2286 Phoebo
411 2234 526 2287 liventia
541 2243 625 2306 terga
641 2236 804 2304 draconem,
893 2287 900 2299 ,

75 2309 207 2374 Occupat
224 2311 370 2355 aversum:
387 2319 443 2355 neu
460 2321 543 2357 saeva
558 2314 723 2375 retorqueat
740 2321 799 2372 ora,

75 2371 268 2444 squamigeris
287 2372 381 2425 avidos
401 2372 464 2443 figit
481 2374 636 2426 cervicibus
653 2392 774 2445 ungires3
793 2416 795 2419 ,

74 2444 123 2496 Sic
144 2443 233 2496 celeri
249 2441 347 2492 fissum
363 2458 497 2509 praeceps
515 2458 568 2511 per
582 2443 666 2496 inane
683 2443 780 2496 volatu

73 2514 170 2583 Terga
187 2511 269 2563 ferae
285 2511 398 2579 pressit:
416 2511 569 2581 dextroque
586 2512 734 2564 frementis
748 2511 778 2562 in
794 2525 884 2562 armos
915 2546 917 2551 ,

74 2582 225 2635 Inachides
243 2579 353 2631 ferrum
370 2596 455 2632 curvo
473 2589 555 2639 tenus
566 2582 682 2632 'abdidit
698 2581 793 2633 hamo.

73 2651 203 2707 Vulnere
220 2649 296 2701 laesa
312 2649 392 2719 grau
409 2648 494 2700 modo
512 2666 542 2701 se
559 2650 685 2702 sublimis
700 2651 731 2700 in
748 2664 829 2700 aurae

74 2720 211 2783 Attollits
222 2717 307 2769 modo
325 2717 422 2770 subdit
438 2717 531 2787 aquis:
548 2719 635 2771 modo
653 2735 732 2771 more
748 2715 854 2769 ferocis

73 2791 177 2842 Versat
195 2787 275 2857 apri,
294 2802 380 2859 quem
396 2786 481 2838 turha
498 2804 601 2840 canum
619 2789 797 2841 circumsona
811 2794 910 2843 terret.

73 2857 128 2911 Ille
146 2856 243 2911 avidos
261 2872 371 2908 mornas
388 2855 531 2908 velocibus
550 2857 650 2929 effugit
666 2858 730 2909 alis:
970 2900 972 2903 .

74 2931 197 2997 Quaque
215 2933 331 2994 patent,
347 2941 423 2977 nunc
440 2934 522 2996 terga
539 2927 614 2979 cavis
631 2944 714 2996 super
731 2925 822 2978 obsita
838 2924 961 2993 conchis,
990 2925 1042 2980 725

4 3012 6 3019 ’
72 2999 159 3050 Nunc
176 2996 299 3047 laterum
317 3003 423 3059 costas,
441 3012 518 3048 nunc
535 3014 590 3065 qua
607 2997 769 3049 tenuissima
787 2995 876 3050 cauda

72 3066 185 3118 Desinit
201 3065 232 3115 in
249 3064 370 3143 piscem,
388 3064 495 3119 falcato
512 3067 643 3118 verberat
660 3082 733 3118 ense.
910 3069 912 3075 ’

71 3135 173 3188 Bellua
190 3149 313 3202 puniceo
334 3132 431 3184 mistos
449 3150 515 3185 cum
530 3135 663 3205 sanguine
679 3135 783 3187 fluetus

72 3208 131 3256 Ore
149 3204 249 3255 vomit.
279 3201 415 3253 Maduere
430 3219 532 3271 graves
547 3203 713 3274 adspergine
731 3218 848 3273 pennae.
1059 3212 1062 3219 “

70 3275 134 3327 Nec
152 3270 257 3324 bibulis
275 3268 350 3322 ultra
366 3273 481 3325 Perseus
497 3272 632 3325 talaribus
649 3288 731 3325 ausus
789 3329 792 3337 ‚
987 3261 1041 3318 730

72 3340 218 3409 Credere,
237 3340 384 3410 conspexit
399 3340 561 3413 scopulum,
578 3343 628 3414 qui
642 3342 748 3396 vertice
763 3354 874 3393 summo
966 3374 970 3379 -
1108 3367 1111 3373 ,
