2350 3834
175 202 236 268 142
458 189 490 259 i.
512 201 662 259 ovum
683 202 876 261 ussouis

240 349 338 408 Vultus
351 357 429 415 ποῦς
444 349 531 404 modo
543 366 630 421 quem
640 349 767 404 messori
780 349 896 404 creden
932 366 1016 406 osset.

161 435 163 440 ’
241 419 365 489 Cumque
376 419 452 473 ferus
464 419 598 473 lacrimas
610 420 697 473 animi
709 420 863 474 siccaverat
875 368 976 485 ardon
1018 473 1020 482 ,

171 489 224 545 470
238 488 454 542 Inveniebantur
470 489 605 542 lacrimae
614 498 719 543 tamam
754 493 844 560 thue
856 490 962 555 carina,

241 557 333 621 Quam
346 566 460 624 ventus,
477 567 618 629 ventoque
627 559 702 628 rapit
713 559 870 612 contrarius
881 567 983 626 aestus,

237 627 303 677 Vim
314 626 456 707 geminam
468 630 567 695 sentit,
584 637 720 698 paretque
733 627 842 682 incerta
856 627 980 694 duobus3
1068 663 1072 672 ψ
1143 665 1144 680 i

163 723 167 737 ι
238 695 365 748 Thestias
376 696 452 749 haud
466 696 550 750 alites
563 697 653 750 dubiis
668 696 815 750 affectibus
827 706 911 765 errat,

239 767 326 834 inque
341 765 433 820 vicem
445 767 543 835 ponit,
560 767 736 837 positamque
747 767 894 820 resuscitat
905 767 989 820 uam.

169 832 222 889 475
237 833 341 903 Incipit
354 849 412 887 esse
423 843 520 891 tamen
533 836 783 907 meliorqermana
797 845 928 905 parente:

237 905 285 970 Et,
303 905 523 975 consanguineas
535 914 568 957 ut
578 904 714 976 sangnine
724 904 812 958 leniat
824 905 949 969 umbras,

237 972 384 1042 Impietate
397 974 443 1042 pia
457 983 507 1028 est.
541 976 613 1026 Nam
627 980 776 1045 postquam
790 974 908 1043 pestifer
921 970 995 1093 iqnis

238 1041 395 1106 Gonvaluit3
414 1045 507 1122 Rogus
519 1042 571 1095 iste
582 1050 694 1096 cremet
709 1059 773 1097 mee
786 1044 909 1114 viscera,
946 1040 1008 1094 ixit.

237 1113 330 1181 thue
343 1127 430 1164 manu
443 1111 504 1164 dira
519 1111 628 1180 lignum
638 1111 726 1166 fatale
738 1112 868 1181 tenebat3

168 1177 222 1234 480
236 1183 308 1232 Ante
321 1180 489 1250 sepulcrales
500 1181 600 1234 infelix
615 1181 723 1234 adstitit
739 1198 814 1235 ares:
909 1200 912 1204 ’

211 1307 213 1310 ,
235 1249 448 1319 Poenarumque
460 1249 530 1302 deae
546 1250 687 1319 triplicet,
704 1250 867 1315 funalibus,
885 1248 987 1319 inquit,

237 1318 418 1384 Eumenides,
436 1319 521 1371 sacris
532 1318 625 1371 vultus
639 1319 779 1373 advertite
793 1329 908 1372 vestroe

237 1386 380 1453 Ulciscor,
396 1386 472 1439 facio
513 1388 636 1440 ensfasz
653 1405 731 1442 mors
745 1398 838 1441 morte
849 1385 954 1457 pianda
966 1393 1024 1438 est:

237 1457 269 1506 In
281 1456 372 1507 scelus
385 1453 439 1506 add
495 1472 545 1508 um
556 1455 647 1509 scelus
664 1466 719 1519 est,
736 1457 767 1510 in
782 1456 995 1510 funerafunus:

168 1521 220 1578 485
237 1525 290 1575 Per
302 1532 481 1578 coacervatos
493 1534 590 1593 pereat
599 1526 699 1578 domus
710 1526 796 1596 impia
806 1526 908 1599 luctus.

237 1597 280 1644 An
293 1592 363 1645 felix
378 1596 486 1647 Oeneus
495 1603 562 1647 nato
574 1595 683 1648 victore
695 1595 817 1663 fruetur,
1002 1629 1005 1638 ·

236 1661 364 1714 Thestius
376 1662 460 1715 orbus
473 1663 544 1716 erit?
560 1663 661 1716 melius
673 1664 805 1735 lugebitis
822 1663 919 1717 umbe

235 1733 291 1784 Vos
305 1731 406 1799 modo,
422 1731 543 1786 fraterni
556 1748 667 1797 manes,
686 1734 852 1804 animaeque
868 1738 1006 1799 recentes,
1096 1771 1099 1775 -

236 1800 367 1853 Officium
378 1800 478 1854 sentite
489 1818 603 1856 meum:
619 1819 778 1874 magnoque
790 1811 902 1872 paratas
954 1832 957 1840 ,

167 1865 221 1921 490
236 1869 361 1939 Accipite
372 1869 500 1937 inferias,
517 1872 594 1925 uteri,
603 1871 678 1924 mala
693 1872 815 1953 pignora
825 1870 926 1926 nostri.

236 1941 298 1991 Heu
311 1939 394 1992 mihil
453 1958 470 1993 o
481 1940 597 2010 rapior?
614 1941 717 1994 iratres
731 1942 869 2012 ignoscite
881 1938 977 1995 metri.

235 2008 375 2061 Deficiunt
389 1957 545 2079 adplcoepta
556 2027 665 2064 manns,
699 2010 831 2064 Meruisse
844 2010 971 2064 fatemur

235 2076 335 2143 Illum,
353 2095 404 2131 cnr
416 2087 528 2148 pereat:
544 2080 646 2136 mortis
657 2079 728 2132 mihi
740 2078 867 2148 displicet
878 2087 988 2132 auctor.

235 2148 310 2217 Ergo
324 2147 438 2216 impune
450 2148 539 2212 feret3
560 2149 710 2219 visusque,
729 2157 758 2200 et
771 2149 877 2213 victor,
897 2156 931 2200 et
942 2148 1003 2217 ipso

166 2210 219 2267 495
236 2217 508 2270 Successuvtumidus
520 2234 642 2288 regnum
655 2217 801 2286 Calydonis
814 2216 947 2272 habebit?

236 2286 307 2350 Vos,
325 2285 395 2338 cinis
406 2286 534 2357 exiguus,
551 2287 717 2357 gelidaeque
731 2287 858 2356 iacebitis
871 2283 1011 2339 umbrae?

235 2353 317 2405 Haud
331 2353 462 2423 equidem
474 2356 574 2425 patiar.
609 2358 709 2410 Pereat
720 2356 873 2409 sceleratus
888 2363 917 2408 et
927 2355 987 2420 ille,

236 2425 375 2493 Spemque
385 2424 485 2492 patris,
503 2424 641 2495 regnique
654 2424 767 2491 trahat,
782 2425 947 2494 patriaeque
959 2422 1075 2476 ruinam

234 2494 313 2544 Mens
328 2493 376 2545 ubi
386 2502 515 2547 materna
529 2493 590 2546 est?
607 2493 656 2548 uhi
668 2512 743 2547 nunc
757 2493 804 2562 pia
816 2504 881 2548 vota
913 2490 1059 2548 arentum?

166 2560 220 2614 500
235 2562 285 2626 Et,
304 2578 374 2632 quos
387 2562 518 2631 sustinui,
536 2564 579 2616 bis
590 2579 718 2616 mensum
734 2563 857 2633 quinque
869 2512 997 2618 lagoses?

236 2632 271 2681 0!
289 2631 399 2683 utinam
411 2633 508 2702 primis
521 2632 633 2686 arsisses
645 2632 755 2714 ignibus
768 2632 875 2686 infans:

235 2697 323 2768 idque
337 2715 389 2771 ego
404 2718 483 2769 passa
496 2702 602 2755 forem!
636 2702 733 2756 Vixisti
743 2718 862 2754 munere
873 2708 986 2753 nostro:

235 2769 317 2822 Nunc
329 2770 433 2823 merito
444 2770 566 2824 moriere
578 2780 638 2824 tuo.
673 2772 747 2841 Cape
758 2770 883 2840 praemia
896 2769 975 2835 facti,

235 2838 278 2889 Bis
319 2854 335 2890 e
351 2838 462 2905 datam,
481 2840 606 2909 primum
641 2849 721 2907 anu,
738 2856 805 2893 mox
816 2840 909 2909 stipite
920 2846 1013 2908 rapto,

166 2904 217 2961 505
234 2908 273 2958 Re
294 2905 328 2958 de
343 2907 482 2962 animam:
501 2909 545 2962 vel
559 2924 606 2962 me
649 2908 752 2962 eternis
766 2909 838 2962 adds
855 2907 1006 2977 sepulcris:

233 2977 268 3027 Et
279 2975 371 3044 cupio,
388 2985 419 3028 et
432 2994 551 3048 nequeo.
570 2977 645 3042 Quid
655 2978 757 3049 agam?
775 2978 862 3030 modo
874 2976 991 3030 vulnera
1001 2974 1109 3030 frumin

234 3048 305 3095 Ante
319 3043 416 3096 oculos
426 3047 495 3099 mihi
507 3055 590 3112 sunt,
608 3055 638 3098 et
650 3056 745 3102 tantae
759 3047 851 3102 caedis
865 3045 977 3116 imago:

232 3114 314 3166 Nunc
326 3113 452 3169 animum
466 3116 568 3185 pietas,
586 3123 771 3237 maternaque
784 3115 899 3170 nomine
910 3115 1052 3186 frangsmt,

234 3184 281 3233 Me
294 3181 439 3237 miseram!
457 3184 532 3237 male
544 3184 676 3238 vincetis:
693 3199 723 3237 se
756 3184 874 3251 vincite,
891 3184 1009 3237 iratres:

166 3251 219 3306 510
233 3251 406 3317 Dummodo,
425 3270 496 3324 quae
513 3253 618 3307 dedero
636 3255 714 3308 vobis
730 3253 846 3321 solatia,
863 3269 969 3322 vosque

234 3322 296 3387 lpsa
310 3335 419 3390 sequar.
454 3322 542 3400 Dinit,
559 3322 712 3394 dextraque
724 3339 821 3380 aversa
834 3320 967 3378 trementi
