2350 3834
167 210 239 280 ‘184
446 212 478 267 P.
498 207 646 264 ovum
665 203 863 263 NASONIS

197 397 211 416 ..
241 360 451 427 Datquetorum
469 371 572 426 cespes.
590 355 671 408 Libet
682 354 737 409 hac
746 354 923 425 requiescere
936 364 1036 421 tecum,
1134 341 1136 406 i

242 431 276 480 Es
289 426 434 497 requievit,
446 425 549 478 humo:
566 425 729 506 pressitque*
735 434 763 477 et
777 441 904 496 gramen,
922 434 951 479 et
962 424 1066 494 ipsumt
1135 423 1136 470 ζ

242 500 329 567 Inque
340 496 403 548 sinu
414 495 530 562 iuvenis,
547 495 641 563 posita
655 510 773 558 cervice,
790 492 921 546 renidens
1030 499 1036 514 ¹

244 566 289 619 Sic
302 564 350 630 ait,
368 580 402 617 sc
416 563 515 617 mediis
529 564 670 615 interserit
681 563 776 616 oscula
786 563 890 616 verbis.

174 634 235 702 560
277 633 405 687 Forsitan
418 633 536 685 audieris
550 633 674 702 aliquam
688 632 844 685 certamine
858 648 956 701 cursus

242 703 360 755 Veloces
375 719 517 772 superasse
532 702 616 754 viros.
640 704 702 754 Non
714 701 811 754 fabula
821 718 920 753 rumor

179 815 182 826 .
242 771 377 828 Illelfuit:
392 773 544 841 superabat
558 771 647 824 enim:
664 788 718 824 neo
733 771 827 824 dicere
841 786 945 840 posses,

151 865 152 870 ¹
242 841 338 900 Inde
351 840 462 921 pedum,
479 842 626 893 formaene
639 840 715 892 hono
727 839 914 909 praestantior
926 847 1004 894 esset.

143 913 152 942 ²
242 905 358 962 Scitanti
371 909 438 963 deus
449 911 516 963 huic
530 910 659 990 coniuge,
677 910 807 981 Coniuge,
826 908 903 977 dixit,

162 977 226 1040 ’565
242 979 289 1032 Nil
302 994 371 1048 opus
384 988 433 1046 est,
451 980 588 1044 Atalanta,
605 978 666 1031 nbi.
683 981 759 1049 Fuge
772 978 899 1049 coniugis
912 993 1008 1031 usums

142 1047 146 1058 '
177 1065 183 1080 ·
241 1050 300 1101 ltec
315 1058 412 1100 tamen
422 1048 553 1130 effugies:
570 1057 656 1117 teque
668 1047 729 1116 ipsa
742 1048 806 1101 viva
818 1047 936 1112 carebis.

240 1117 356 1171 Territa*
363 1126 438 1170 sorte
452 1117 497 1169 der
511 1134 562 1187 per
574 1133 676 1186 opacas
687 1116 795 1169 innuba
809 1117 892 1169 silvas

156 1200 161 1210 ·
183 1247 187 1256 ¹
239 1187 324 1253 Vivit,
344 1194 372 1238 et
386 1186 538 1240 instantem
550 1186 665 1239 turham
680 1185 804 1238 violenta
816 1202 971 1255 procorum

240 1255 404 1309 conditione
415 1256 510 1327 fugat:
527 1258 586 1308 Neo
603 1272 666 1307 sum
678 1255 822 1323 potiunda,
841 1255 902 1321 nisi,
919 1255 1021 1326 inquit,

172 1323 224 1381 570
239 1325 320 1377 Victa
331 1325 407 1394 prius
420 1342 518 1377 cursu:
536 1324 654 1405 pedihus
665 1325 827 1377 contendite
838 1340 961 1379 mecum.

238 1393 367 1446 Praemia
379 1393 470 1446 veloci
484 1403 586 1445 coniux
598 1392 771 1463 thalamique
783 1394 933 1464 dabuntur,

239 1464 315 1515 Mors
327 1462 447 1531 pretium
457 1462 556 1515 tardis:
574 1469 612 1520 ea?
618 1461 662 1515 lex
675 1464 836 1514 certaminis
848 1471 917 1518 esto.

238 1531 289 1583 lna
303 1531 417 1600 quidem
429 1532 557 1584 immitis:
575 1531 633 1594 sed,
651 1540 729 1583 tanta
741 1532 866 1601 potentia
879 1531 991 1586 formae
1004 1539 1052 1601 est,

239 1600 323 1653 Venit
335 1589 375 1652 'sd
385 1600 457 1654 haue
469 1601 562 1672 legem
575 1601 726 1672 temeraria
740 1602 824 1653 turha
835 1617 1003 1669 procorum*

170 1669 222 1727 575
238 1668 355 1722 Sederat
368 1670 553 1740 Hippomenes
565 1687 661 1723 cursus
672 1678 813 1739 spectator
825 1670 924 1740 iniqui,
1024 1709 1027 1713 Δ

238 1740 281 1805 Et,
298 1738 404 1792 Petitur
418 1740 548 1810 cuiquam
560 1756 613 1808 per
622 1747 702 1791 tanta
714 1739 840 1808 pericula
854 1739 977 1793 coniux?

237 1808 360 1875 Dixerat,
378 1826 412 1862 ao
424 1810 524 1862 nimios
536 1810 670 1861 iuvenum
683 1808 831 1861 damnarat
844 1825 966 1863 amores.

239 1880 277 1929 Ut
289 1877 403 1944 faciem,
421 1888 450 1931 et
464 1878 557 1948 posito
571 1895 673 1947 corpus
685 1877 823 1931 velamine
836 1878 917 1943 vidit,

239 1946 328 2010 Quale
340 1963 446 2015 meum,
464 1948 509 2002 vel
524 1948 608 2018 quale
619 1955 708 2014 tuum,
727 1946 751 1998 si
762 1947 868 2000 femina
881 1948 948 2013 fias,
986 1954 993 1969 ¹

170 2016 223 2073 580
239 2016 395 2086 Obstupuit,
412 2017 570 2098 tollensque
582 2033 691 2082 manus,
708 2018 856 2086 Ignoscite,
875 2017 953 2083 dixit,

239 2088 315 2149 Quos
326 2085 411 2138 modo
424 2086 549 2156 culpavi:
565 2085 692 2140 nondum
704 2085 772 2138 mihi
786 2086 911 2155 praemia
924 2095 1004 2155 nota,

241 2158 323 2218 Quae
332 2156 473 2225 peteretis,
493 2164 581 2209 erant
606 2154 757 2207 Laudando
771 2154 896 2224 cpnpipit
909 2155 1019 2228 ignom

238 2225 283 2291 Et,
301 2241 338 2277 ne
349 2225 413 2295 <pris
423 2226 555 2278 iuvenum
567 2233 667 2278 currat
676 2223 808 2287 velocius,
825 2233 919 2294 optat:

240 2293 402 2365 Invidiaque
415 2295 505 2349 timet.
528 2294 583 2347 Sed
596 2311 649 2346 cur
661 2292 822 2346 certaminis
836 2294 919 2347 huius

171 2363 223 2419 585
239 2367 378 2416 intentata
391 2364 462 2416 mihi
472 2364 587 2417 fortuna
601 2362 790 2433 relinquitur?
806 2362 906 2433 inquit.

239 2431 380 2485 Audentes
398 2433 465 2486 deus
478 2435 538 2503 ipse
547 2434 633 2486 iuvat.
659 2433 731 2484 Dum
742 2432 811 2484 talia
820 2448 917 2486 secum

240 2502 332 2573 Exigit
344 2503 545 2573 Hippomenes,
563 2519 646 2571 passu
656 2503 732 2554 volat
745 2501 811 2554 alite
827 2500 917 2572 virgo.

242 2574 320 2635 Quae
336 2590 508 2642 quamquam
522 2572 652 2652 Scythica
664 2588 720 2623 non
730 2571 822 2624 secius
832 2571 874 2622 ire
886 2571 988 2642 sagitta

241 2640 330 2692 Aonio
346 2642 404 2695 visa
421 2652 461 2695 est
473 2643 580 2705 iuvem3
598 2651 694 2693 tamen
707 2640 755 2692 ille
768 2639 902 2692 decorem

172 2709 225 2765 590
240 2709 360 2829 pliratur
373 2712 478 2782 magist
497 2724 526 2764 et
537 2727 634 2762 cursus
647 2708 736 2761 faciti
772 2726 787 2762 e
800 2708 943 2765 decorem.

264 2795 316 2830 ura
329 2780 419 2833 refert
430 2780 523 2833 oblata
535 2780 597 2833 citis
607 2778 707 2832 talaria
721 2795 739 2846 p
752 2778 838 2831 antis:

241 2849 296 2900 Ter
315 2866 330 2901 a
371 2849 539 2902 eiectantur
552 2849 642 2901 crines
655 2865 706 2917 per
718 2848 851 2913 eburnea,
869 2854 996 2918 quaeque

240 2865 392 2986 Popiiuiilus
402 2918 534 2970 suberant
543 2919 620 2988 picto
634 2916 763 2988 genualia
776 2916 878 2970 limbo:

241 2987 329 3055 inque
339 2987 460 3055 puellari
470 2988 572 3040 corbus
584 2987 706 3040 candore
719 2987 855 3038 ruborem

172 3052 226 3109 595
240 3054 389 3108 Traxerat:
407 3056 482 3108 haud
496 3057 587 3122 aliter,
601 3073 686 3126 quam
696 3071 761 3108 cum
773 3071 857 3123 super
869 3051 941 3105 atria
955 3050 1048 3104 velum

241 3124 365 3177 Candida
377 3141 550 3194 purpureum
563 3125 706 3177 simulatas
717 3124 806 3176 inficit
820 3123 942 3178 umbras.

240 3194 409 3246 Dum-notat
419 3194 488 3247 haec
499 3194 608 3262 hospes,
622 3193 738 3247 decursa
748 3193 898 3246 novissima
910 3199 985 3245 meta
997 3197 1052 3243 est:

242 3263 276 3313 Et
292 3264 398 3333 tegitur
408 3263 481 3315 festa
494 3264 594 3316 victrix
604 3264 733 3315 Atalanta
745 3279 859 3315 corona.

241 3331 316 3386 Dant
326 3331 561 3405 gemitrun·sicti;
578 3333 759 3405 penduntque
773 3347 807 3385 er
816 3330 932 3386 foedare
941 3342 1052 3400 poenas.
