2350 3834
21 164 24 173 ¹
84 188 110 266 f
174 170 243 275 ἰ».
267 212 386 271 ovum
410 182 925 289 NAS'0N18‚1t1ETAM.LIB.X1v.
979 213 1044 280 alr

86 362 165 416 Talia
176 361 263 414 verba
273 360 377 415 refert:
392 357 489 417 Melius
500 368 650 426 sequerere
663 357 814 426 volentem,

87 435 292 513 theutemque
309 429 416 496 eadem,
428 426 565 496 parilique
579 426 711 496 cupidine
724 437 848 497 captam.

85 503 192 572 Dignus
208 517 285 553 eres:
301 499 376 553 ultro
389 506 503 566 poteras
517 504 648 565 certeque
662 498 770 568 rogari:
1009 501 1046 559 30

86 570 169 636 Etpsi·
179 586 258 639 spem
273 567 390 633 dederis,
405 564 580 627 mihicrede,
594 566 737 636 rogaberis
750 566 836 626 ultro.

86 642 149 693 Neu
164 638 280 705 dubites,
295 636 425 706 absitque
438 645 504 687 tuae
515 633 619 686 fiducia
633 635 758 693 formae:
780 686 786 693 s

87 711 129 761 En
141 725 203 779 ego,
216 725 283 765 cum
294 707 347 759 dea
359 707 421 769 eim,
434 702 516 756 nitidi
530 718 595 755 eum
611 703 669 757 filia
684 704 764 770 Solis,
850 721 856 732 ·

44 826 47 833 .
89 779 217 830 Carmine
232 794 297 829 cum
307 784 426 839 tantum,
439 781 548 825 tantum
565 789 630 824 cum
641 774 768 842 gramine
781 777 895 844 pesam,

88 850 128 898 Ut
142 855 191 898 tua
204 847 267 912 sim,
278 860 375 897 voveo.
393 847 577 911 spernentem
592 850 706 910 sperne:
721 846 850 912 sequenti

87 915 184 968 Redde
196 915 285 967 vices:
298 929 410 992 unoque
423 911 492 963 duos
503 910 640 963 ulciscere
649 911 738 964 fecto.

87 985 167 1037 Talia
180 983 309 1048 tentanti,
324 984 410 1047 Prius,
422 979 524 1049 inquit,
534 981 564 1033 in
575 996 698 1051 aequore
709 979 836 1049 frondes,

89 1054 219 1121 Glaucus,
236 1053 264 1105 et
277 1052 305 1104 in
318 1049 437 1103 summis
448 1057 600 1101 nascentur
614 1050 756 1102 montibus
767 1049 862 1122 εἰμες

89 1128 139 1176 Sos
159 1124 197 1175 ite
212 1139 297 1192 quam
307 1120 400 1189 Scylla
413 1118 501 1170 nostri
513 1127 659 1171 mutentur
671 1135 791 1177 amores.

88 1191 238 1263 Indignata
246 1190 299 1249 dee
310 1198 363 1243 eet:
380 1197 408 1241 et
418 1188 530 1241 laedere
545 1197 681 1257 quatenus
696 1188 788 1257 ipsum

88 1264 153 1316 Non
165 1268 285 1330 poterat,
299 1276 352 1319 nec
363 1257 449 1310 vellet
462 1273 572 1321 amans;
585 1257 715 1309 irascitur
726 1257 777 1322 illi,

90 1334 167 1394 Quae
178 1322 368 1398 sibi'pieelata
381 1336 434 1399 eq:
452 1326 622 1395 Venerisque
637 1327 743 1378 offensa
755 1325 875 1396 repulse,

17 1453 21 1460 ,
89 1398 219 1453 Protinus
232 1396 378 1451 horrendis
391 1395 509 1448 infamia
521 1395 625 1465 pabula
639 1396 728 1448 succis

17 1482 19 1491 ·
91 1468 225 1535 Conterit,
241 1477 268 1519 et
280 1466 356 1519 tritis
368 1469 501 1519 Hecateia
513 1466 638 1518 carmina
653 1465 767 1529 miscet3
873 1513 878 1521 ,

17 1788 18 1801 2
90 1747 114 1798 R

90 1537 263 1606 caerulaque
275 1535 402 1589 induitur.
409 1533 555 1600 velamine,
566 1550 673 1604 perque
685 1534 814 1588 ferarum

90 1611 199 1678 Agmen
215 1605 379 1663 adulantum
391 1603 484 1656 media
497 1603 627 1672 procedit
641 1603 676 1654 ab
690 1603 769 1672 eula3

91 1680 113 1728 0
134 1675 309 1745 positamque
325 1683 421 1755 petens
436 1682 535 1727 contre
545 1672 677 1724 Zancleia
689 1688 755 1724 saxa

115 1694 219 1815 hagion
229 1743 395 1814 ingreditur,
408 1743 547 1794 ferventes
558 1742 682 1793 aestibus
693 1740 796 1805 undee3

90 1817 124 1868 In
136 1813 236 1883 quibus
248 1821 280 1864 ut
293 1811 382 1865 solida
394 1811 473 1880 ponit
488 1809 605 1880 vestigia
617 1809 689 1878 ripa,

90 1887 264 1952 Summaque
280 1880 405 1934 decurrit
417 1879 533 1949 pedibus
546 1896 630 1948 super
643 1894 767 1949 aequora
779 1876 868 1938 siccis.

90 1954 194 2005 Parvus
207 1959 267 2007 aret
278 1968 331 2021 gur
349 1966 389 2014 ee,
404 1966 504 2005 curvos
514 1949 638 2003 sinuatus
650 1949 680 2000 in
692 1965 784 2015 arcus,

92 2022 181 2075 Grata
193 2020 270 2101 quies
282 1968 404 2087 Scyllae:
459 2034 476 2071 o
489 2034 519 2070 ee
530 2017 675 2071 referebat
686 2017 722 2069 ab
734 2025 814 2071 aestu

92 2093 127 2144 Et
136 2106 221 2142 mane
236 2097 264 2140 et
277 2088 358 2151 coeli,
441 2087 468 2140 io
482 2105 548 2140 cum
560 2086 697 2156 plurimus
712 2087 781 2140 orbe

92 2158 142 2211 Sol
156 2166 225 2225 erat,
238 2162 268 2215 et
281 2158 412 2211 minimae
424 2174 442 2209 a
457 2156 565 2209 vertice
576 2156 685 2209 feceret
698 2155 821 2211 umbras.

84 2231 174 2281 'Hunc
189 2226 242 2279 dea
254 2226 410 2294 praevitiat,
458 2226 665 2296 rtentilerisque
676 2224 791 2279 venenis

93 2296 242 2367 Inqss'uat:
258 2295 325 2348 huic
337 2295 412 2347 fusos
420 2242 520 2347 litices
535 2295 631 2348 radice
641 2294 756 2349 nocenti

79 2377 80 2380 ’
94 2362 216 2439 spargit,
230 2373 260 2417 et
271 2365 423 2421 obscurum
434 2365 585 2417 'verborum
593 2364 716 2434 *ambage
728 2378 867 2418 novorum

93 2436 151 2487 Ter
161 2434 256 2486 novies
275 2451 387 2486 carmen
405 2434 516 2504 magico
532 2434 724 2489 demurmurat
737 2449 795 2485 ore.

94 2502 189 2573 Scylla
200 2502 283 2566 venit,
297 2503 445 2572 mediaque
460 2512 539 2555 tenus
551 2502 734 2559 descenderat
745 2501 824 2566 alv03

96 2575 168 2626 Cum
178 2589 231 2625 sua
243 2571 352 2625 foedari
363 2571 529 2625 latrantshus
539 2571 656 2641 inguina
668 2569 803 2623 monstris

96 2641 137 2695 nd
170 2640 234 2694 icit:
251 2657 287 2693 ec
298 2640 390 2709 primo
405 2658 463 2693 non
477 2639 594 2693 credens
609 2637 735 2708 corporis
751 2637 815 2690 illas
878 2690 879 2693 ,

95 2710 142 2766 Bes
205 2709 215 2760 i
227 2717 328 2777 partes,
342 2709 510 2779 refugitque,
521 2707 675 2780 abigitque,
688 2708 825 2788 timetque

96 2783 155 2831 Ora
166 2787 300 2847 proterva
313 2795 424 2830 canum.-
440 2777 493 2830 Sed
505 2794 575 2847 quos
587 2777 669 2847 fugit,
684 2776 798 2829 attrahit
811 2792 876 2830 une.

95 2850 131 2902 Et
144 2864 245 2915 corpus
258 2863 393 2916 quaerens
405 2846 556 2915 fanorum,
570 2863 682 2901 crurum
724 2862 748 2912 e,
761 2844 932 2917 pedumque,

97 2917 249 2970 Cerbereae
259 2916 347 2975 nictus
358 2933 410 2985 pro
424 2916 549 2985 partibus
560 2915 665 2968 invenit
680 2915 685 2926 '
711 2914 740 2968 ἐ.

97 2990 212 3066 Statque
227 3002 328 3037 cenum
338 2984 443 3037 rabies:
458 2985 638 3053 subiectaque
649 2993 730 3055 terga
740 2983 867 3038 feremus

97 3058 129 3110 ln
198 3053 258 3106 ihus
268 3054 386 3120 truncis,
396 3062 533 3124 uteroque
543 3062 668 3107 exstante
681 3054 841 3107 cohaerent.

69 3162 73 3169 ,
154 3123 223 3176 levit
234 3138 335 3177 amane-
344 3124 473 3190 Gleucus,
484 3123 658 3194 nimiumque
669 3122 807 3176 hostiliter
818 3136 884 3175 usae

97 3191 210 3244 Viribus
224 3191 376 3245 herbarum
387 3192 463 3263 sugit
474 3193 616 3247 connubia
632 3193 732 3251 Circes.
774 3224 779 3255 ‚·

98 3260 193 3330 Scylla
206 3259 270 3312 loco
286 3262 402 3315 mansit:
415 3277 535 3331 cumque
550 3271 592 3315 est
607 3261 671 3315 data
684 3259 766 3330 copia
772 3257 899 3331 primrun

99 3331 132 3384 lu
146 3329 239 3383 (luces
253 3328 350 3387 odium
363 3331 445 3387 sociis
457 3330 586 3402 spoliavit.
597 3330 703 3393 Ulixen.
