2350 3834
157 224 222 300 tlt
424 234 455 290 r.
478 204 843 289 ovmn'nasonrs

226 382 283 437 Nos
337 397 409 452 oque
424 381 538 436 circaeo
550 378 669 451 religata
681 378 711 430 in
725 378 823 432 littore
837 378 907 450 pinu

226 453 309 522 Antip
330 460 392 503 atae
404 466 553 515 memores,
566 449 743 501 immansueti
785 466 799 501 e
812 449 948 521 Cyclopis,

157 522 211 593 250
226 524 271 574 Ire
286 521 465 591 negabamus,
480 528 508 571 et
519 528 597 571 tecta
610 520 708 590 ignota
723 534 755 569 su
778 519 825 571 ‘re

112 626 120 635 -
193 620 194 623 =
227 593 307 642 Sorte
320 606 414 642 sumus
425 588 506 641 lecti:
520 605 580 640 sors
594 606 650 654 me,
664 588 752 640 fidum
773 605 808 639 ue
822 586 938 656 Politen,

225 657 471 728 Eurylochumque
485 657 577 723 simul,
592 657 727 727 nimiique
739 605 876 725 Elpenora
890 658 956 726 vini,

226 727 325 798 Bisque
338 745 442 783 novem
454 728 546 779 socios
561 728 676 779 Circaea
691 726 727 778 ad
741 727 852 777 moenia
866 728 950 781 misit.

189 818 194 827 ·
227 799 306 862 Quae
319 797 401 849 simul
413 797 568 868 attigimus,
583 796 711 848 stetimus
727 811 781 866 que
792 795 821 847 in
832 795 929 849 limine
942 797 1024 865 teeti3

81 896 86 901 ·
141 892 144 899 ,
158 866 210 931 256
226 866 304 920 Mille
316 865 385 937 lupi,
400 867 555 937 mistaeque
568 866 641 935 lupis
652 880 797 934 ursaeque,
811 864 928 936 leaeque
1018 916 1020 919 .

228 940 350 989 Occursu
363 937 457 988 fecere
470 944 594 987 metum:
611 935 659 985 sed
672 933 750 985 nulla
761 934 896 999 timenda,

227 1005 365 1075 Nullaque
378 1013 439 1067 erat
451 1013 548 1057 nostro
561 1005 673 1056 factura
686 1004 715 1054 in
726 1019 846 1071 corpore
856 1003 966 1059 vulnus.

227 1074 301 1138 Quin
312 1075 396 1127 etiam
407 1074 523 1127 blandas
534 1090 648 1125 movere
663 1089 715 1141 per
729 1076 795 1123 aira
807 1072 919 1139 caudas,

130 1170 133 1175 ⁴
227 1145 383 1213 Nostraque
396 1143 540 1195 adulantes
552 1143 689 1195 comitant
699 1142 830 1212 vestigia3
847 1141 939 1194 donec

158 1212 212 1267 260
227 1212 292 1266 Exci
312 1213 373 1265 iunt
384 1212 517 1277 famulae,
530 1229 637 1281 perque
648 1211 719 1263 atria
732 1226 874 1263 marmore
887 1218 963 1264 tecta

145 1276 152 1287 '
227 1281 270 1334 ad
301 1281 425 1334 ominam
436 1281 551 1334 ducunt.
569 1281 670 1333 Pulcro
683 1280 761 1332 sedet
773 1280 822 1332 illa
835 1296 959 1347 recessu,

227 1351 358 1403 Sublimis
370 1351 449 1416 solio,
465 1349 626 1419 pallamque
635 1350 734 1405 induta
747 1350 894 1416 nitentem,

227 1424 342 1489 Insuper
354 1427 452 1472 aurato
465 1418 683 1471 circumvelatur
696 1420 815 1481 amictu3

227 1489 362 1542 Nereides
375 1488 574 1558 Nymphaeque
586 1484 677 1553 simul,
692 1504 763 1557 quae
775 1487 880 1539 vellera
893 1483 978 1539 motis
1054 1524 1056 1527 -
1145 1489 1146 1541 ζ

159 1557 210 1615 265
227 1558 311 1612 Nulla
321 1559 437 1611 trahunt
447 1557 546 1628 digitis,
558 1574 612 1609 nec
623 1556 672 1608 fila
684 1557 826 1626 sequentia
838 1557 954 1622 ducunt,

229 1628 362 1681 Gramina
376 1628 536 1697 disponunt,
550 1642 717 1696 sparsosque
727 1627 786 1678 sine
801 1626 899 1678 ordine
908 1626 994 1678 flores

228 1701 382 1750 decernunt
397 1697 522 1762 calathis,
535 1697 681 1765 variasque
697 1695 836 1747 coloribus
850 1695 959 1748 herbas.
1001 1722 1005 1729 ·

211 1784 216 1796 ·
230 1769 301 1836 Ipsa,
317 1768 392 1837 qu‘od
404 1766 456 1818 hae
469 1766 586 1831 iaciunt,
601 1783 669 1835 opus
684 1764 781 1836 exigit:
793 1765 862 1834 ipsa,
879 1766 940 1835 quis
952 1776 1018 1816 tuus

218 1839 347 1906 'Quoque
360 1836 435 1887 sitin
447 1833 526 1901 folio,
542 1852 613 1906 quae
629 1835 664 1887 sit
677 1833 828 1886 concordia
844 1834 944 1902 mistis,

159 1903 212 1962 270
228 1907 320 1971 Novit,
335 1914 362 1956 et
376 1905 522 1957 advertens
531 1920 636 2026 pensas
649 1904 790 1956 examinat
801 1904 911 1957 herhas.

228 1977 304 2027 Haec
315 1974 364 2025 ubi
376 1991 427 2026 nos
440 1974 517 2040 vidit,
549 1975 607 2025 icta
619 1982 791 2043 acceptaque
808 1973 907 2042 salute,

219 2040 344 2095 -Diffudit
356 2044 455 2109 vultus,
468 2052 496 2096 et
508 2043 631 2095 reddidit
643 2043 736 2094 omnia
749 2042 829 2097 votis.

227 2115 287 2165 Nec
300 2129 395 2179 mora;
411 2113 524 2165 misceri
538 2113 607 2164 tosti
619 2112 697 2165 iubet
709 2111 816 2163 hordea
827 2108 917 2183 grani,

159 2194 171 2215 ⁸
229 2181 378 2253 Mellaque‚
390 2182 502 2251 vimque
516 2182 599 2249 meri,
612 2199 677 2233 cum
691 2181 764 2233 lacte
776 2181 893 2252 coagula
909 2190 998 2249 passo.
1049 2188 1051 2193 “
1092 2194 1094 2199 ·

159 2249 211 2305 275
229 2251 337 2320 Quique
350 2252 400 2303 sub
411 2252 465 2302 hac
477 2251 585 2303 lateant
596 2250 695 2302 furtim
709 2247 865 2315 dulcedine,
880 2263 981 2300 succos

229 2319 339 2373 Adiicit.
355 2321 512 2390 Accipimus
524 2337 605 2373 sacra
619 2320 684 2371 data
695 2319 798 2388 pocula
811 2320 916 2372 dextra.

228 2392 306 2453 Quae
321 2388 403 2441 simul
415 2389 504 2441 arenti
516 2390 639 2442 sitientes
650 2389 793 2443 hausimus
803 2405 862 2456 ore,

227 2461 261 2512 Et
273 2458 498 2580 tetipitsummas
507 2459 585 2530 virga
597 2459 649 2509 dea
660 2458 721 2510 dira
733 2458 863 2527 capillos3

228 2530 262 2581 Et
275 2534 314 2598 'pu
334 2536 372 2592 et,
385 2535 414 2580 et
427 2529 560 2595 reseram,
574 2528 639 2580 setis
651 2528 814 2580 horrescere
827 2527 922 2597 coepi,

159 2596 212 2652 280
228 2600 286 2651 Nec
296 2598 354 2651 iam
369 2614 449 2668 posse
464 2598 556 2669 loqui,
572 2614 627 2667 pro
639 2597 730 2649 verbis
746 2597 829 2649 edere
841 2602 963 2649 raudiun

228 2669 365 2734 Murmur,
380 2676 408 2720 et
422 2668 568 2720 interram
580 2675 641 2719 toto
652 2667 838 2736 procumbere
848 2666 942 2717 mltis:

230 2740 264 2788 Os
305 2753 320 2789 e
333 2752 429 2789 meum
441 2737 513 2789 sensi
526 2736 619 2807 pando
633 2736 819 2788 occallescere
832 2742 940 2787 rostro:

228 2754 305 2858 (todi
319 2815 428 2859 tumere
442 2806 527 2858 toris:
540 2807 635 2876 etqua
650 2805 736 2857 modo
766 2805 848 2857 ocula
860 2812 942 2875 parte

229 2877 324 2928 Sumta
337 2876 408 2928 mihi
418 2875 539 2941 fuerant,
550 2875 600 2928 illa
613 2872 730 2946 vestigia
743 2822 809 2928 deci.

159 2940 211 3000 286
228 2945 351 3065 Cumque
364 2945 461 2997 eadem
475 2946 570 3014 passis,
582 2953 694 2997 tantum
707 2944 893 2998 medicamina
906 2910 1034 3014 possunt!

139 3044 144 3059 .
230 3013 296 3065 Clau

227 3082 353 3135 Vidimus
367 3082 567 3153 Eurylochum:
579 3083 654 3134 solus
669 3083 733 3136 data
744 3083 847 3154 pocula
859 3081 942 3154 fugit.
1029 3096 1031 3099 ’

224 3150 309 3215 'Quae
320 3152 372 3205 nisi
384 3154 503 3218 vitasset,
518 3152 628 3221 pecoris
642 3169 706 3220 pars
718 3170 775 3205 una
788 3169 935 3206 manerem

229 3222 309 3274 Nunc
322 3239 432 3292 quoque
442 3221 562 3291 setigeri,
573 3237 626 3273 nec
638 3230 735 3275 tantae
748 3223 833 3275 cladis
847 3223 882 3275 ab
894 3220 946 3274 illo

160 3287 217 3355 290,
231 3289 338 3342 Certior
349 3291 385 3342 ad
395 3292 494 3343 Circen
510 3291 587 3342 ultor
597 3291 715 3343 venisset
728 3292 825 3347 Uiixes.

229 3358 337 3412 Pacifer
350 3359 414 3413 huic
426 3358 543 3412 dederat
552 3360 657 3413 florem
670 3361 808 3432 Cyllenius
821 3361 932 3426 alhum3

318 3031 351 3066 or
362 3015 444 3067 hara:
462 3015 611 3084 solumque
625 3015 681 3065 suis
693 3013 814 3067 caruisse
825 3015 918 3086 figura
