2350 3834
133 223 176 284 72
410 225 443 276 Ρ.
464 223 612 277 OVIDII
631 221 823 275 NASONIS

201 365 268 433 Illa,
285 381 384 418 manus
395 374 428 417 ut
439 365 515 418 iorte
523 365 683 419 tetenderat
694 365 723 417 in
735 365 823 418 mans
838 366 937 434 undas,

203 440 290 488 Sesea
303 435 380 487 facta
396 452 495 487 manus
509 435 540 487 in
556 436 670 488 easdem
681 436 802 505 porrigit
815 437 916 489 undas:
1020 446 1025 455 “

203 505 305 570 Huius,
323 513 356 556 ut
370 513 515 574 arreptum
528 505 652 556 laniabat
662 506 769 557 vertice
783 505 902 573 mmem,

203 577 323 626 Duratoa
339 574 430 626 subito
444 573 545 644 digitos
557 574 586 625 in
600 574 678 625 crine
690 574 807 627 videres.
947 602 948 607 =

135 646 188 701 560
204 647 266 708 Quo
280 660 407 713 quaeque
419 644 450 695 in
462 652 543 713 gestu
554 643 753 710 deprenditur,
771 643 860 696 haesit
871 645 901 698 in
913 646 973 699 illo.
1172 680 1173 683 =

203 716 269 764 Pars
283 712 412 765 volucres
423 713 530 771 factm
548 728 623 782 quae
635 729 711 764 mmo
724 729 836 782 quoque
847 717 959 787 gurgite
971 716 1003 768 in
1015 714 1070 770 illo
1172 752 1173 769 2

203 787 334 851 Aequora
346 781 523 862 destringunt
536 782 635 833 mmtis
647 781 799 834 Ismenides
811 783 873 837 alis.

238 851 333 903 Nescit
345 851 532 922 Agenorides,
549 861 648 903 natam
659 867 835 920 parvumque
845 861 982 922 nepotem

199 921 340 990 ,Aequoris
355 936 412 975 esse
426 920 502 972 deos.
527 922 619 972 Luctu
631 921 760 990 serieque
771 921 913 974 malorum

32 1032 39 1045 .
135 988 186 1043 565
203 990 316 1057 Victus,
334 1000 363 1042 et
377 990 508 1056 ostentis,
526 1007 598 1058 quaa
613 989 738 1058 plurima
749 989 873 1050 viderat,
892 990 949 1044 exit

208 1059 342 1111 Conditor
352 1060 423 1111 urbe
436 1077 499 1111 sua:
516 1068 653 1128 tanquam
668 1063 791 1111 Fortuna
806 1059 947 1126 locorum,

205 1130 268 1180 Non
280 1145 330 1179 sua
343 1145 372 1180 se
386 1136 545 1198 premeret;
562 1128 710 1198 longisque
727 1128 864 1183 erratibus
879 1138 959 1182 astus

204 1197 328 1268 Contigit
340 1197 465 1266 Illyricos
476 1197 599 1268 profuga
613 1215 679 1249 cum
691 1197 813 1268 coniuge
826 1198 906 1251 fines.
1006 1238 1009 1245 .

205 1271 320 1337 Iamque
337 1267 418 1318 malis
434 1267 569 1336 annisque
579 1283 693 1336 graves,
712 1266 883 1335 dmnprima
898 1275 1058 1322 retracunt

136 1336 189 1392 570
204 1339 277 1388 Fata
283 1335 397 1399 domus,
413 1336 598 1406 relegtmtque
608 1352 672 1387 suos
687 1352 816 1388 sermone
829 1336 956 1404 laborem

203 1408 279 1459 Num
287 1422 371 1458 sacer
384 1405 432 1456 ille
445 1422 511 1457 mea
522 1405 658 1457 traiectus
671 1406 786 1474 cuspide
798 1421 921 1475 serpens,
985 1452 988 1457 ,
1004 1428 1008 1439 ·

205 1475 325 1526 Cadmus
340 1474 392 1540 ait,
410 1473 511 1541 fuerit,
528 1483 606 1539 tum,
622 1491 690 1527 cum
702 1474 804 1527 Sidone
814 1476 963 1555 'prolemus

204 1544 338 1613 Vipereos
351 1543 438 1612 sparsi
451 1560 503 1612 per
516 1544 650 1609 humum,
669 1561 740 1596 nora
753 1561 878 1611 senuna,
897 1544 1018 1598 dentes?

205 1615 296 1677 Quem
309 1613 333 1665 si
347 1630 416 1666 cura
429 1613 513 1665 deum
524 1622 585 1666 tam
599 1622 678 1666 certa
689 1613 816 1666 vindicat
827 1614 886 1679 ira3

136 1680 187 1739 575
205 1687 266 1752 lpse
279 1676 382 1751 precor
394 1699 507 1752 serpens
519 1683 550 1739 in
560 1683 677 1754 longam
693 1682 823 1753 porrigar
837 1684 940 1736 alvum.
971 1712 974 1717 ·

204 1748 292 1803 Dixit:
310 1760 354 1820 et,
371 1761 404 1803 ut
418 1767 545 1821 serpens,
561 1752 593 1804 in
607 1752 724 1822 longam
736 1752 863 1805 tenditur
876 1753 982 1818 alnae,

203 1823 381 1890 Durataeque
395 1820 453 1873 cuti
466 1839 596 1892 squamas
609 1821 767 1874 increscere
777 1821 871 1887 sentit,

204 1891 347 1962 Nigraqua
359 1890 496 1944 coeruleis
508 1891 611 1943 variari
625 1908 745 1959 corpora
757 1891 860 1961 guttis:
1171 1938 1172 1941 ,

205 1963 238 2012 ln
252 1969 406 2030 pectusque
421 1960 496 2012 cadit
507 1978 629 2030 pronus,
645 1960 851 2030 commissaque
865 1959 895 2011 in
909 1974 1020 2011 unumi
1069 2002 1072 2005 .
1171 1976 1172 1979 ¹

136 2027 190 2083 58⁰
204 2029 354 2082 Paullatim
367 2030 452 2082 tereti
461 2029 607 2083 sinuantur
620 2030 750 2082 acumine
764 2046 856 2084 crura.

204 2098 322 2152 Brachia
333 2099 390 2151 iam
403 2107 523 2151 restant:
581 2116 614 2150 ae
626 2108 748 2163 restant,
766 2097 883 2151 brachia
894 2095 1003 2164 tendit3

127 2187 131 2208 ¹
205 2170 240 2221 Et
249 2169 373 2221 lacrimis
384 2185 438 2237 per-
449 2168 541 2220 adhuc
571 2185 677 2221 amana
688 2168 841 2220 fluentibus
855 2183 916 2228 ora,

206 2238 330 2305 Accede,
350 2254 366 2289 o
384 2237 501 2304 coniux,
519 2238 638 2305 accede,
656 2237 830 2305 miserrima,
848 2236 931 2288 dixit:
1004 2300 1007 2307 ,

205 2308 334 2376 Dumque
345 2307 450 2376 aliquid
463 2317 587 2375 superest
602 2308 636 2360 de
650 2324 710 2373 me,
727 2324 774 2360 me
790 2315 891 2377 tange,
908 2321 1090 2378 manumque

138 2372 189 2431 585
205 2376 321 2446 Accipe,
341 2375 409 2428 dum
422 2392 521 2428 manus
534 2385 590 2441 est;
610 2376 678 2430 dum
689 2393 748 2428 non
756 2385 852 2428 totum
862 2377 1107 2449 occupatanguis.

207 2445 257 2498 llle
270 2445 385 2515 quidem
394 2445 455 2497 vult
467 2445 551 2514 plura
563 2446 657 2516 loqui,
675 2445 725 2498 sed
735 2446 832 2515 lingua
841 2452 959 2513 repente
1045 2474 1048 2483 ·

206 2519 238 2567 ln
271 2523 344 2567 artes
354 2523 396 2567 est
406 2514 470 2567 fissa
479 2515 560 2568 duas.
589 2519 648 2568 Nec
661 2515 748 2567 verba
761 2513 869 2567 volenti

207 2588 245 2636 Su
278 2585 367 2637 ciunt:
386 2585 551 2654 quotiesque
565 2585 674 2654 aliquos
687 2593 769 2653 parat
784 2584 868 2636 edere
882 2591 1012 2655 questam

207 2653 319 2706 Sibilat:
337 2653 410 2706 hano
423 2653 467 2705 illi
480 2671 580 2707 vocem
594 2657 699 2706 Nature
712 2653 856 2723 relinquit.

138 2720 190 2777 590
206 2723 287 2775 Nuda
296 2739 383 2775 manu
395 2721 499 2776 feriens
510 2724 649 2776 exclamat
659 2732 777 2791 pectore
789 2722 905 2775 coniux:

209 2791 326 2857 Cadme,
343 2809 442 2845 mane:
460 2802 473 2845 t
529 2793 614 2858 ahia,
630 2792 742 2858 infelix,
761 2809 829 2845 erue
838 2790 986 2845 monstris.

208 2809 1108 2934 cadmequidhocreffiipeseuhisunthumeriquammusqua?

207 2933 242 2984 Et
252 2930 347 2998 color,
364 2939 394 2984 et
405 2931 506 2998 facies,
525 2940 570 2996 et,
586 2931 654 2983 dum
668 2931 787 3000 loquor,
806 2930 920 2995 omnia?
932 2947 994 2984 :our
1006 2949 1069 2987 non
1164 2946 1168 2955 ·

207 3002 254 3053 Me
270 3017 397 3071 quoque,
418 3000 569 3064 coelestes,
586 3001 618 3051 in
633 3000 751 3052 eandem
763 2999 871 3052 reru'tia
887 3000 1032 3071 wem?
1062 3022 1066 3027 ·
1085 3016 1089 3021 ·

138 3070 190 3125 595
206 3068 328 3125 Dixerat.
352 3070 403 3123 ille
414 3084 480 3122 suae
492 3070 636 3122 lambebat
647 3069 776 3140 coniugis
785 3086 851 3122 oras

207 3143 295 3208 Inque
309 3139 383 3191 sinus
397 3155 492 3205 caras,
510 3140 598 3192 veluti
609 3147 805 3209 cognosceret,
818 3138 895 3202 ibat3

208 3211 243 3262 Et
255 3209 338 3263 dabat
351 3208 510 3277 amplexum
528 3218 693 3278 assuetaque
704 3207 778 3261 colla
790 3207 915 3276 petebat.
1010 3232 1012 3237 ·

208 3277 338 3358 Quisquis
354 3276 446 3341 adest,
464 3278 581 3330 aderant
595 3279 727 3341 comitas,
746 3284 876 3356 terretur.
901 3274 1006 3331 atille

209 3346 331 3400 Lubrica
343 3346 502 3417 permulcet
515 3347 625 3401 cristati
637 3346 711 3401 colla
722 3345 880 3413 draconumv
927 3388 930 3395 ,
957 3404 959 3409 ,
1041 3394 1047 3400 .
