<?xml version="1.0" encoding="UTF-8"?>
<!DOCTYPE html PUBLIC "-//W3C//DTD XHTML 1.0 Transitional//EN"
    "http://www.w3.org/TR/xhtml1/DTD/xhtml1-transitional.dtd">
<html xmlns="http://www.w3.org/1999/xhtml" xml:lang="en" lang="en">
 <head>
  <title>
</title>
<meta http-equiv="Content-Type" content="text/html;charset=utf-8" />
  <meta name='ocr-system' content='tesseract 3.04.00' />
  <meta name='ocr-capabilities' content='ocr_page ocr_carea ocr_par ocr_line ocrx_word'/>
</head>
<body>
  <div class='ocr_page' id='page_1' title='image "./operaomnia03ovidgoog/operaomnia03ovidgoog_0057.png"; bbox 0 0 2350 3834; ppageno 0'>
   <div class='ocr_carea' id='block_1_1' title="bbox 240 237 1034 301">
    <p class='ocr_par' dir='ltr' id='par_1_1' title="bbox 240 237 1034 301">
     <span class='ocr_line' id='line_1_1' title="bbox 240 237 1034 301; baseline 0.001 -10"><span class='ocrx_word' id='word_1_1' title='bbox 240 237 689 293; x_wconf 78' lang='lat' dir='ltr'><strong>METAMORPHOSEON</strong></span> <span class='ocrx_word' id='word_1_2' title='bbox 708 238 792 291; x_wconf 88' lang='lat' dir='ltr'><strong>LIB.</strong></span> <span class='ocrx_word' id='word_1_3' title='bbox 814 239 866 292; x_wconf 88' lang='lat'><strong>111.</strong></span> <span class='ocrx_word' id='word_1_4' title='bbox 992 238 1034 301; x_wconf 81' lang='grc'><strong>49</strong></span> 
     </span>
    </p>
   </div>
   <div class='ocr_carea' id='block_1_2' title="bbox 68 379 964 454">
    <p class='ocr_par' dir='ltr' id='par_1_2' title="bbox 68 379 964 454">
     <span class='ocr_line' id='line_1_2' title="bbox 68 379 964 454; baseline 0.008 -22"><span class='ocrx_word' id='word_1_5' title='bbox 68 383 158 433; x_wconf 79' lang='lat' dir='ltr'><strong>Laeta</strong></span> <span class='ocrx_word' id='word_1_6' title='bbox 169 380 260 447; x_wconf 85' lang='lat' dir='ltr'><strong>malo,</strong></span> <span class='ocrx_word' id='word_1_7' title='bbox 278 379 452 451; x_wconf 78' lang='lat' dir='ltr'><strong>uirniumque</strong></span> <span class='ocrx_word' id='word_1_8' title='bbox 466 389 580 450; x_wconf 87' lang='lat' dir='ltr'><strong>potens,</strong></span> <span class='ocrx_word' id='word_1_9' title='bbox 599 382 782 454; x_wconf 74' lang='lat' dir='ltr'><strong>perituraque</strong></span> <span class='ocrx_word' id='word_1_10' title='bbox 794 385 913 438; x_wconf 81' lang='lat' dir='ltr'><strong>amentis</strong></span> <span class='ocrx_word' id='word_1_11' title='bbox 960 386 964 395; x_wconf 78' lang='grc'><strong>“</strong></span> 
     </span>
    </p>
   </div>
   <div class='ocr_carea' id='block_1_3' title="bbox 7 448 1030 3409">
    <p class='ocr_par' dir='ltr' id='par_1_3' title="bbox 68 448 743 516">
     <span class='ocr_line' id='line_1_3' title="bbox 68 448 743 516; baseline 0.003 -15"><span class='ocrx_word' id='word_1_12' title='bbox 68 451 144 502; x_wconf 84' lang='lat' dir='ltr'><strong>obse</strong></span> <span class='ocrx_word' id='word_1_13' title='bbox 165 451 212 502; x_wconf 88' lang='lat' dir='ltr'><strong>uio</strong></span> <span class='ocrx_word' id='word_1_14' title='bbox 226 448 351 516; x_wconf 85' lang='lat' dir='ltr'><strong>Semele,</strong></span> <span class='ocrx_word' id='word_1_15' title='bbox 371 450 488 513; x_wconf 77' lang='lat' dir='ltr'><strong>Qualem</strong></span> <span class='ocrx_word' id='word_1_16' title='bbox 502 452 647 516; x_wconf 84' lang='lat' dir='ltr'><strong>Saturnia,</strong></span> <span class='ocrx_word' id='word_1_17' title='bbox 665 452 743 515; x_wconf 82' lang='lat' dir='ltr'><strong>dixit,</strong></span> 
     </span>
    </p>

    <p class='ocr_par' dir='ltr' id='par_1_4' title="bbox 67 468 779 590">
     <span class='ocr_line' id='line_1_4' title="bbox 67 468 779 590; baseline 0.003 -19"><span class='ocrx_word' id='word_1_18' title='bbox 67 521 110 571; x_wconf 92' lang='lat' dir='ltr'><strong>Te</strong></span> <span class='ocrx_word' id='word_1_19' title='bbox 120 468 195 571; x_wconf 82' lang='lat' dir='ltr'><strong>solet</strong></span> <span class='ocrx_word' id='word_1_20' title='bbox 208 519 355 588; x_wconf 73' lang='lat' dir='ltr'><strong>amplecti,</strong></span> <span class='ocrx_word' id='word_1_21' title='bbox 373 521 487 572; x_wconf 85' lang='lat' dir='ltr'><strong>Veneris</strong></span> <span class='ocrx_word' id='word_1_22' title='bbox 498 537 568 572; x_wconf 55' lang='lat' dir='ltr'><strong>&lt;cum</strong></span> <span class='ocrx_word' id='word_1_23' title='bbox 582 520 682 573; x_wconf 83' lang='lat' dir='ltr'><strong>foedus</strong></span> <span class='ocrx_word' id='word_1_24' title='bbox 694 509 779 590; x_wconf 78' lang='lat' dir='ltr'><strong>initis,</strong></span> 
     </span>
    </p>

    <p class='ocr_par' dir='ltr' id='par_1_5' title="bbox 67 588 767 659">
     <span class='ocr_line' id='line_1_5' title="bbox 67 588 767 659; baseline 0.003 -19"><span class='ocrx_word' id='word_1_25' title='bbox 67 590 112 641; x_wconf 92' lang='lat' dir='ltr'><strong>Da</strong></span> <span class='ocrx_word' id='word_1_26' title='bbox 127 589 199 639; x_wconf 90' lang='lat' dir='ltr'><strong>mihi</strong></span> <span class='ocrx_word' id='word_1_27' title='bbox 211 598 239 640; x_wconf 89' lang='lat' dir='ltr'><strong>te</strong></span> <span class='ocrx_word' id='word_1_28' title='bbox 251 589 346 641; x_wconf 79' lang='lat' dir='ltr'><strong>telem.</strong></span> <span class='ocrx_word' id='word_1_29' title='bbox 372 589 468 641; x_wconf 85' lang='lat' dir='ltr'><strong>Voluit</strong></span> <span class='ocrx_word' id='word_1_30' title='bbox 482 588 548 642; x_wconf 86' lang='lat' dir='ltr'><strong>deus</strong></span> <span class='ocrx_word' id='word_1_31' title='bbox 560 606 612 641; x_wconf 88' lang='lat' dir='ltr'><strong>ora</strong></span> <span class='ocrx_word' id='word_1_32' title='bbox 626 589 767 659; x_wconf 87' lang='lat' dir='ltr'><strong>loquentis</strong></span> 
     </span>
    </p>

    <p class='ocr_par' dir='ltr' id='par_1_6' title="bbox 69 657 851 727">
     <span class='ocr_line' id='line_1_6' title="bbox 69 657 851 727; baseline 0.006 -19"><span class='ocrx_word' id='word_1_33' title='bbox 69 657 252 726; x_wconf 84' lang='lat' dir='ltr'><strong>opprimere:</strong></span> <span class='ocrx_word' id='word_1_34' title='bbox 271 658 374 709; x_wconf 86' lang='lat' dir='ltr'><strong>exierat</strong></span> <span class='ocrx_word' id='word_1_35' title='bbox 388 658 445 710; x_wconf 88' lang='lat' dir='ltr'><strong>iarn</strong></span> <span class='ocrx_word' id='word_1_36' title='bbox 460 676 514 710; x_wconf 81' lang='lat' dir='ltr'><strong>vox</strong></span> <span class='ocrx_word' id='word_1_37' title='bbox 528 668 680 727; x_wconf 86' lang='lat' dir='ltr'><strong>properata</strong></span> <span class='ocrx_word' id='word_1_38' title='bbox 692 661 744 711; x_wconf 88' lang='lat' dir='ltr'><strong>sub</strong></span> <span class='ocrx_word' id='word_1_39' title='bbox 760 677 851 714; x_wconf 75' lang='lat' dir='ltr'><strong>ems.</strong></span> 
     </span>
    </p>

    <p class='ocr_par' dir='ltr' id='par_1_7' title="bbox 67 727 987 799">
     <span class='ocr_line' id='line_1_7' title="bbox 67 727 987 799; baseline 0.004 -21"><span class='ocrx_word' id='word_1_40' title='bbox 67 727 226 797; x_wconf 78' lang='lat' dir='ltr'><strong>Ingemuit:</strong></span> <span class='ocrx_word' id='word_1_41' title='bbox 249 743 340 796; x_wconf 85' lang='lat' dir='ltr'><strong>neque</strong></span> <span class='ocrx_word' id='word_1_42' title='bbox 356 727 431 779; x_wconf 89' lang='lat' dir='ltr'><strong>enim</strong></span> <span class='ocrx_word' id='word_1_43' title='bbox 443 745 500 779; x_wconf 85' lang='lat' dir='ltr'><strong>non</strong></span> <span class='ocrx_word' id='word_1_44' title='bbox 514 727 584 780; x_wconf 87' lang='lat' dir='ltr'><strong>haec</strong></span> <span class='ocrx_word' id='word_1_45' title='bbox 599 737 721 796; x_wconf 87' lang='lat' dir='ltr'><strong>optasse,</strong></span> <span class='ocrx_word' id='word_1_46' title='bbox 740 729 895 799; x_wconf 85' lang='lat' dir='ltr'><strong>nequeille</strong></span> <span class='ocrx_word' id='word_1_47' title='bbox 984 780 987 795; x_wconf 75' lang='grc'>,</span> 
     </span>
    </p>

    <p class='ocr_par' dir='ltr' id='par_1_8' title="bbox 67 795 788 865">
     <span class='ocr_line' id='line_1_8' title="bbox 67 795 788 865; baseline 0.001 -16"><span class='ocrx_word' id='word_1_48' title='bbox 67 799 136 849; x_wconf 87' lang='lat' dir='ltr'><strong>Non</strong></span> <span class='ocrx_word' id='word_1_49' title='bbox 150 795 255 847; x_wconf 81' lang='lat' dir='ltr'><strong>iurasse</strong></span> <span class='ocrx_word' id='word_1_50' title='bbox 270 804 371 864; x_wconf 81' lang='lat' dir='ltr'><strong>potest.</strong></span> <span class='ocrx_word' id='word_1_51' title='bbox 397 799 470 865; x_wconf 84' lang='lat' dir='ltr'><strong>Ergo</strong></span> <span class='ocrx_word' id='word_1_52' title='bbox 483 797 684 850; x_wconf 76' lang='lat' dir='ltr'><strong>moestissimus</strong></span> <span class='ocrx_word' id='word_1_53' title='bbox 698 798 788 850; x_wconf 86' lang='lat' dir='ltr'><strong>altum</strong></span> 
     </span>
    </p>

    <p class='ocr_par' dir='ltr' id='par_1_9' title="bbox 68 860 892 935">
     <span class='ocr_line' id='line_1_9' title="bbox 68 860 892 935; baseline 0.002 -19"><span class='ocrx_word' id='word_1_54' title='bbox 68 865 195 916; x_wconf 83' lang='lat' dir='ltr'><strong>Aethere</strong></span> <span class='ocrx_word' id='word_1_55' title='bbox 207 865 384 917; x_wconf 73' lang='lat' dir='ltr'><strong>conscendit:</strong></span> <span class='ocrx_word' id='word_1_56' title='bbox 400 874 526 935; x_wconf 87' lang='lat' dir='ltr'><strong>nutuque</strong></span> <span class='ocrx_word' id='word_1_57' title='bbox 538 867 683 935; x_wconf 79' lang='lat' dir='ltr'><strong>sequentia</strong></span> <span class='ocrx_word' id='word_1_58' title='bbox 693 867 777 918; x_wconf 85' lang='lat' dir='ltr'><strong>traxit</strong></span> <span class='ocrx_word' id='word_1_59' title='bbox 885 860 892 869; x_wconf 57' lang='lat'>⁵</span> 
     </span>
    </p>

    <p class='ocr_par' dir='ltr' id='par_1_10' title="bbox 68 933 853 1003">
     <span class='ocr_line' id='line_1_10' title="bbox 68 933 853 1003; baseline 0.005 -16"><span class='ocrx_word' id='word_1_60' title='bbox 68 933 188 994; x_wconf 77' lang='lat' dir='ltr'><strong>Nubile3</strong></span> <span class='ocrx_word' id='word_1_61' title='bbox 208 937 269 1003; x_wconf 79' lang='lat' dir='ltr'><strong>quis</strong></span> <span class='ocrx_word' id='word_1_62' title='bbox 284 935 410 998; x_wconf 81' lang='lat' dir='ltr'><strong>nimbos,</strong></span> <span class='ocrx_word' id='word_1_63' title='bbox 427 934 549 986; x_wconf 84' lang='lat' dir='ltr'><strong>immista</strong></span> <span class='ocrx_word' id='word_1_64' title='bbox 590 951 606 986; x_wconf 88' lang='lat' dir='ltr'><strong>e</strong></span> <span class='ocrx_word' id='word_1_65' title='bbox 619 935 660 986; x_wconf 83' lang='lat' dir='ltr'><strong>ful</strong></span> <span class='ocrx_word' id='word_1_66' title='bbox 690 953 733 987; x_wconf 76' lang='lat' dir='ltr'><strong>ire</strong></span> <span class='ocrx_word' id='word_1_67' title='bbox 746 936 853 991; x_wconf 78' lang='lat' dir='ltr'><strong>ventis.</strong></span> 
     </span>
    </p>

    <p class='ocr_par' dir='ltr' id='par_1_11' title="bbox 69 1002 790 1069">
     <span class='ocr_line' id='line_1_11' title="bbox 69 1002 790 1069; baseline 0.003 -16"><span class='ocrx_word' id='word_1_68' title='bbox 69 1002 201 1067; x_wconf 81' lang='lat' dir='ltr'><strong>Addidit,</strong></span> <span class='ocrx_word' id='word_1_69' title='bbox 221 1011 249 1054; x_wconf 91' lang='lat' dir='ltr'><strong>et</strong></span> <span class='ocrx_word' id='word_1_70' title='bbox 261 1004 396 1069; x_wconf 85' lang='lat' dir='ltr'><strong>tonitrus,</strong></span> <span class='ocrx_word' id='word_1_71' title='bbox 416 1011 444 1054; x_wconf 88' lang='lat' dir='ltr'><strong>et</strong></span> <span class='ocrx_word' id='word_1_72' title='bbox 458 1003 545 1055; x_wconf 82' lang='lat' dir='ltr'><strong>inerit</strong></span> <span class='ocrx_word' id='word_1_73' title='bbox 583 1003 667 1056; x_wconf 81' lang='lat' dir='ltr'><strong>ilefu</strong></span> <span class='ocrx_word' id='word_1_74' title='bbox 677 1021 753 1058; x_wconf 87' lang='lat' dir='ltr'><strong>men.</strong></span> <span class='ocrx_word' id='word_1_75' title='bbox 788 1035 790 1042; x_wconf 92' lang='lat'>·</span> 
     </span>
    </p>

    <p class='ocr_par' dir='ltr' id='par_1_12' title="bbox 7 1072 958 1266">
     <span class='ocr_line' id='line_1_12' title="bbox 7 1072 958 1141; baseline 0.004 -19"><span class='ocrx_word' id='word_1_76' title='bbox 7 1128 8 1131; x_wconf 8' lang='grc' dir='ltr'><strong>Ἴ</strong></span> <span class='ocrx_word' id='word_1_77' title='bbox 70 1076 135 1134; x_wconf 82' lang='lat' dir='ltr'><strong>Qua</strong></span> <span class='ocrx_word' id='word_1_78' title='bbox 146 1082 342 1141; x_wconf 78' lang='lat' dir='ltr'><strong>temerasque</strong></span> <span class='ocrx_word' id='word_1_79' title='bbox 357 1080 465 1140; x_wconf 86' lang='lat' dir='ltr'><strong>potest,</strong></span> <span class='ocrx_word' id='word_1_80' title='bbox 483 1072 555 1124; x_wconf 82' lang='lat' dir='ltr'><strong>vires</strong></span> <span class='ocrx_word' id='word_1_81' title='bbox 570 1073 622 1124; x_wconf 87' lang='lat' dir='ltr'><strong>sibi</strong></span> <span class='ocrx_word' id='word_1_82' title='bbox 633 1073 747 1125; x_wconf 83' lang='lat' dir='ltr'><strong>demere</strong></span> <span class='ocrx_word' id='word_1_83' title='bbox 761 1080 867 1126; x_wconf 84' lang='lat' dir='ltr'><strong>tentat:</strong></span> <span class='ocrx_word' id='word_1_84' title='bbox 954 1102 958 1109; x_wconf 77' lang='lat'>=</span> 
     </span>
     <span class='ocr_line' id='line_1_13' title="bbox 69 1141 815 1211; baseline 0 -17"><span class='ocrx_word' id='word_1_85' title='bbox 69 1144 146 1207; x_wconf 85' lang='lat' dir='ltr'><strong>Nec,</strong></span> <span class='ocrx_word' id='word_1_86' title='bbox 165 1158 220 1210; x_wconf 88' lang='lat' dir='ltr'><strong>quo</strong></span> <span class='ocrx_word' id='word_1_87' title='bbox 235 1141 426 1193; x_wconf 75' lang='lat' dir='ltr'><strong>centimanum</strong></span> <span class='ocrx_word' id='word_1_88' title='bbox 440 1142 583 1194; x_wconf 53' lang='lat' dir='ltr'><strong>deiecerat*</strong></span> <span class='ocrx_word' id='word_1_89' title='bbox 594 1144 659 1211; x_wconf 76' lang='lat' dir='ltr'><strong>igne</strong></span> <span class='ocrx_word' id='word_1_90' title='bbox 673 1142 815 1211; x_wconf 81' lang='lat' dir='ltr'><strong>Typhoea,</strong></span> 
     </span>
     <span class='ocr_line' id='line_1_14' title="bbox 69 1211 736 1266; baseline 0 -2"><span class='ocrx_word' id='word_1_91' title='bbox 69 1213 155 1264; x_wconf 87' lang='lat' dir='ltr'><strong>Nunc</strong></span> <span class='ocrx_word' id='word_1_92' title='bbox 168 1219 354 1262; x_wconf 82' lang='lat' dir='ltr'><strong>armaturea:</strong></span> <span class='ocrx_word' id='word_1_93' title='bbox 371 1211 490 1262; x_wconf 87' lang='lat' dir='ltr'><strong>nimium</strong></span> <span class='ocrx_word' id='word_1_94' title='bbox 503 1211 624 1262; x_wconf 82' lang='lat' dir='ltr'><strong>feritatis</strong></span> <span class='ocrx_word' id='word_1_95' title='bbox 638 1213 667 1262; x_wconf 89' lang='lat' dir='ltr'><strong>in</strong></span> <span class='ocrx_word' id='word_1_96' title='bbox 678 1211 736 1266; x_wconf 90' lang='lat' dir='ltr'><strong>illo.</strong></span> 
     </span>
    </p>

    <p class='ocr_par' dir='ltr' id='par_1_13' title="bbox 68 1278 876 1491">
     <span class='ocr_line' id='line_1_15' title="bbox 68 1278 784 1349; baseline 0.003 -18"><span class='ocrx_word' id='word_1_97' title='bbox 68 1282 119 1332; x_wconf 74' lang='lat' dir='ltr'><strong>Est</strong></span> <span class='ocrx_word' id='word_1_98' title='bbox 130 1278 208 1330; x_wconf 78' lang='lat' dir='ltr'><strong>aliud</strong></span> <span class='ocrx_word' id='word_1_99' title='bbox 219 1279 307 1330; x_wconf 84' lang='lat' dir='ltr'><strong>levius</strong></span> <span class='ocrx_word' id='word_1_100' title='bbox 320 1279 444 1345; x_wconf 82' lang='lat' dir='ltr'><strong>fulmen,</strong></span> <span class='ocrx_word' id='word_1_101' title='bbox 463 1280 507 1332; x_wconf 85' lang='lat' dir='ltr'><strong>cui</strong></span> <span class='ocrx_word' id='word_1_102' title='bbox 521 1280 618 1332; x_wconf 81' lang='lat' dir='ltr'><strong>dextre</strong></span> <span class='ocrx_word' id='word_1_103' title='bbox 630 1281 784 1349; x_wconf 80' lang='lat' dir='ltr'><strong>Cyclopum</strong></span> 
     </span>
     <span class='ocr_line' id='line_1_16' title="bbox 70 1348 866 1417; baseline 0.005 -18"><span class='ocrx_word' id='word_1_104' title='bbox 70 1349 225 1414; x_wconf 77' lang='lat' dir='ltr'><strong>Saevitiae,</strong></span> <span class='ocrx_word' id='word_1_105' title='bbox 243 1348 433 1417; x_wconf 84' lang='lat' dir='ltr'><strong>flammaeque</strong></span> <span class='ocrx_word' id='word_1_106' title='bbox 446 1349 546 1411; x_wconf 86' lang='lat' dir='ltr'><strong>minus,</strong></span> <span class='ocrx_word' id='word_1_107' title='bbox 563 1349 655 1401; x_wconf 89' lang='lat' dir='ltr'><strong>minus</strong></span> <span class='ocrx_word' id='word_1_108' title='bbox 669 1349 776 1401; x_wconf 83' lang='lat' dir='ltr'><strong>addidit</strong></span> <span class='ocrx_word' id='word_1_109' title='bbox 790 1350 866 1403; x_wconf 81' lang='lat' dir='ltr'><strong>iree:</strong></span> 
     </span>
     <span class='ocr_line' id='line_1_17' title="bbox 69 1418 876 1491; baseline 0.006 -21"><span class='ocrx_word' id='word_1_110' title='bbox 69 1418 141 1470; x_wconf 83' lang='lat' dir='ltr'><strong>Tela</strong></span> <span class='ocrx_word' id='word_1_111' title='bbox 155 1418 276 1470; x_wconf 88' lang='lat' dir='ltr'><strong>secunda</strong></span> <span class='ocrx_word' id='word_1_112' title='bbox 287 1428 389 1470; x_wconf 86' lang='lat' dir='ltr'><strong>vocant</strong></span> <span class='ocrx_word' id='word_1_113' title='bbox 400 1419 505 1486; x_wconf 82' lang='lat' dir='ltr'><strong>Superi.</strong></span> <span class='ocrx_word' id='word_1_114' title='bbox 532 1418 611 1487; x_wconf 75' lang='lat' dir='ltr'><strong>Capit</strong></span> <span class='ocrx_word' id='word_1_115' title='bbox 622 1418 685 1482; x_wconf 68' lang='lat' dir='ltr'><strong>ille:</strong></span> <span class='ocrx_word' id='word_1_116' title='bbox 704 1419 876 1491; x_wconf 85' lang='lat' dir='ltr'><strong>domumque</strong></span> 
     </span>
    </p>

    <p class='ocr_par' dir='ltr' id='par_1_14' title="bbox 54 1487 874 2040">
     <span class='ocr_line' id='line_1_18' title="bbox 54 1487 770 1557; baseline 0.001 -18"><span class='ocrx_word' id='word_1_117' title='bbox 54 1491 164 1539; x_wconf 81' lang='lat' dir='ltr'><strong>-Intrat</strong></span> <span class='ocrx_word' id='word_1_118' title='bbox 174 1493 357 1557; x_wconf 79' lang='lat' dir='ltr'><strong>Agenoream.</strong></span> <span class='ocrx_word' id='word_1_119' title='bbox 381 1489 487 1555; x_wconf 57' lang='lat' dir='ltr'><strong>&gt;Corpus</strong></span> <span class='ocrx_word' id='word_1_120' title='bbox 500 1487 622 1539; x_wconf 86' lang='lat' dir='ltr'><strong>mortale</strong></span> <span class='ocrx_word' id='word_1_121' title='bbox 634 1488 770 1540; x_wconf 83' lang='lat' dir='ltr'><strong>tumultus</strong></span> 
     </span>
     <span class='ocr_line' id='line_1_19' title="bbox 70 1556 776 1627; baseline 0.004 -19"><span class='ocrx_word' id='word_1_122' title='bbox 70 1558 136 1608; x_wconf 87' lang='lat' dir='ltr'><strong>Non</strong></span> <span class='ocrx_word' id='word_1_123' title='bbox 149 1556 214 1607; x_wconf 91' lang='lat' dir='ltr'><strong>tulit</strong></span> <span class='ocrx_word' id='word_1_124' title='bbox 225 1556 378 1621; x_wconf 86' lang='lat' dir='ltr'><strong>aetherios,</strong></span> <span class='ocrx_word' id='word_1_125' title='bbox 400 1556 535 1626; x_wconf 82' lang='lat' dir='ltr'><strong>donisque</strong></span> <span class='ocrx_word' id='word_1_126' title='bbox 547 1557 686 1627; x_wconf 80' lang='lat' dir='ltr'><strong>iugalibus</strong></span> <span class='ocrx_word' id='word_1_127' title='bbox 697 1558 776 1612; x_wconf 85' lang='lat' dir='ltr'><strong>arsit.</strong></span> 
     </span>
     <span class='ocr_line' id='line_1_20' title="bbox 69 1625 755 1696; baseline 0.001 -19"><span class='ocrx_word' id='word_1_128' title='bbox 69 1625 258 1694; x_wconf 82' lang='lat' dir='ltr'><strong>Imperfectus</strong></span> <span class='ocrx_word' id='word_1_129' title='bbox 271 1625 362 1679; x_wconf 85' lang='lat' dir='ltr'><strong>adhuc</strong></span> <span class='ocrx_word' id='word_1_130' title='bbox 374 1625 465 1676; x_wconf 82' lang='lat' dir='ltr'><strong>infans</strong></span> <span class='ocrx_word' id='word_1_131' title='bbox 480 1626 629 1696; x_wconf 77' lang='lat' dir='ltr'><strong>genetricis</strong></span> <span class='ocrx_word' id='word_1_132' title='bbox 641 1626 677 1678; x_wconf 85' lang='lat' dir='ltr'><strong>ab</strong></span> <span class='ocrx_word' id='word_1_133' title='bbox 691 1626 755 1678; x_wconf 80' lang='lat' dir='ltr'><strong>alvo</strong></span> 
     </span>
     <span class='ocr_line' id='line_1_21' title="bbox 70 1694 874 1765; baseline 0 -19"><span class='ocrx_word' id='word_1_134' title='bbox 70 1694 209 1762; x_wconf 80' lang='lat' dir='ltr'><strong>Eripitur,</strong></span> <span class='ocrx_word' id='word_1_135' title='bbox 228 1695 377 1764; x_wconf 87' lang='lat' dir='ltr'><strong>patrioque</strong></span> <span class='ocrx_word' id='word_1_136' title='bbox 388 1702 483 1754; x_wconf 80' lang='lat' dir='ltr'><strong>tener,</strong></span> <span class='ocrx_word' id='word_1_137' title='bbox 500 1695 523 1746; x_wconf 90' lang='lat' dir='ltr'><strong>si</strong></span> <span class='ocrx_word' id='word_1_138' title='bbox 537 1694 652 1747; x_wconf 87' lang='lat' dir='ltr'><strong>credere</strong></span> <span class='ocrx_word' id='word_1_139' title='bbox 668 1694 793 1765; x_wconf 81' lang='lat' dir='ltr'><strong>dignum,</strong></span> <span class='ocrx_word' id='word_1_140' title='bbox 870 1694 874 1703; x_wconf 92' lang='lat'>&#39;</span> 
     </span>
     <span class='ocr_line' id='line_1_22' title="bbox 69 1763 813 1833; baseline 0.003 -18"><span class='ocrx_word' id='word_1_141' title='bbox 69 1764 196 1817; x_wconf 80' lang='lat' dir='ltr'><strong>insuitur</strong></span> <span class='ocrx_word' id='word_1_142' title='bbox 207 1763 326 1830; x_wconf 79' lang='lat' dir='ltr'><strong>femori,</strong></span> <span class='ocrx_word' id='word_1_143' title='bbox 343 1772 527 1832; x_wconf 79' lang='lat' dir='ltr'><strong>maternaque</strong></span> <span class='ocrx_word' id='word_1_144' title='bbox 537 1773 669 1832; x_wconf 86' lang='lat' dir='ltr'><strong>tempore</strong></span> <span class='ocrx_word' id='word_1_145' title='bbox 680 1765 813 1833; x_wconf 87' lang='lat' dir='ltr'><strong>complet.</strong></span> 
     </span>
     <span class='ocr_line' id='line_1_23' title="bbox 70 1832 696 1902; baseline 0.002 -18"><span class='ocrx_word' id='word_1_146' title='bbox 70 1833 180 1884; x_wconf 86' lang='lat' dir='ltr'><strong>Furtim</strong></span> <span class='ocrx_word' id='word_1_147' title='bbox 192 1833 274 1884; x_wconf 88' lang='lat' dir='ltr'><strong>illum</strong></span> <span class='ocrx_word' id='word_1_148' title='bbox 287 1832 384 1902; x_wconf 85' lang='lat' dir='ltr'><strong>primis</strong></span> <span class='ocrx_word' id='word_1_149' title='bbox 396 1836 445 1883; x_wconf 87' lang='lat' dir='ltr'><strong>Ino</strong></span> <span class='ocrx_word' id='word_1_150' title='bbox 455 1841 608 1885; x_wconf 78' lang='lat' dir='ltr'><strong>matertera</strong></span> <span class='ocrx_word' id='word_1_151' title='bbox 619 1833 696 1885; x_wconf 87' lang='lat' dir='ltr'><strong>cunis</strong></span> 
     </span>
     <span class='ocr_line' id='line_1_24' title="bbox 69 1900 805 1970; baseline 0.003 -18"><span class='ocrx_word' id='word_1_152' title='bbox 69 1900 195 1953; x_wconf 83' lang='lat' dir='ltr'><strong>Educet:</strong></span> <span class='ocrx_word' id='word_1_153' title='bbox 220 1900 287 1953; x_wconf 87' lang='lat' dir='ltr'><strong>inde</strong></span> <span class='ocrx_word' id='word_1_154' title='bbox 302 1902 400 1953; x_wconf 80' lang='lat' dir='ltr'><strong>datum</strong></span> <span class='ocrx_word' id='word_1_155' title='bbox 412 1903 556 1970; x_wconf 80' lang='lat' dir='ltr'><strong>Nymphae</strong></span> <span class='ocrx_word' id='word_1_156' title='bbox 571 1902 702 1954; x_wconf 75' lang='lat' dir='ltr'><strong>Nereides</strong></span> <span class='ocrx_word' id='word_1_157' title='bbox 717 1902 805 1954; x_wconf 78' lang='lat' dir='ltr'><strong>antris</strong></span> 
     </span>
     <span class='ocr_line' id='line_1_25' title="bbox 69 1969 740 2040; baseline 0.001 -18"><span class='ocrx_word' id='word_1_158' title='bbox 69 1970 229 2023; x_wconf 84' lang='lat' dir='ltr'><strong>Occuluere</strong></span> <span class='ocrx_word' id='word_1_159' title='bbox 243 1969 315 2036; x_wconf 73' lang='lat' dir='ltr'><strong>eriis,</strong></span> <span class='ocrx_word' id='word_1_160' title='bbox 331 1971 467 2040; x_wconf 81' lang='lat' dir='ltr'><strong>lactisque</strong></span> <span class='ocrx_word' id='word_1_161' title='bbox 482 1971 615 2022; x_wconf 88' lang='lat' dir='ltr'><strong>alimenta</strong></span> <span class='ocrx_word' id='word_1_162' title='bbox 628 1971 740 2023; x_wconf 88' lang='lat' dir='ltr'><strong>dedere.</strong></span> 
     </span>
    </p>

    <p class='ocr_par' dir='ltr' id='par_1_15' title="bbox 7 2039 1030 3409">
     <span class='ocr_line' id='line_1_26' title="bbox 106 2039 818 2110; baseline -0.001 -19"><span class='ocrx_word' id='word_1_163' title='bbox 106 2042 237 2109; x_wconf 83' lang='lat' dir='ltr'><strong>Dumque</strong></span> <span class='ocrx_word' id='word_1_164' title='bbox 250 2058 282 2092; x_wconf 85' lang='lat' dir='ltr'><strong>ee</strong></span> <span class='ocrx_word' id='word_1_165' title='bbox 293 2049 444 2108; x_wconf 75' lang='lat' dir='ltr'><strong>perterret</strong></span> <span class='ocrx_word' id='word_1_166' title='bbox 454 2039 534 2091; x_wconf 86' lang='lat' dir='ltr'><strong>fatali</strong></span> <span class='ocrx_word' id='word_1_167' title='bbox 546 2040 611 2110; x_wconf 78' lang='lat' dir='ltr'><strong>lege</strong></span> <span class='ocrx_word' id='word_1_168' title='bbox 626 2049 772 2109; x_wconf 78' lang='lat' dir='ltr'><strong>geruntur,</strong></span> <span class='ocrx_word' id='word_1_169' title='bbox 814 2071 818 2077; x_wconf 92' lang='lat'>-</span> 
     </span>
     <span class='ocr_line' id='line_1_27' title="bbox 69 2107 741 2179; baseline -0.001 -19"><span class='ocrx_word' id='word_1_170' title='bbox 69 2109 199 2178; x_wconf 82' lang='lat' dir='ltr'><strong>Tutaque</strong></span> <span class='ocrx_word' id='word_1_171' title='bbox 214 2109 257 2160; x_wconf 74' lang='lat' dir='ltr'><strong>llis</strong></span> <span class='ocrx_word' id='word_1_172' title='bbox 270 2109 356 2179; x_wconf 75' lang='lat' dir='ltr'><strong>geniti</strong></span> <span class='ocrx_word' id='word_1_173' title='bbox 370 2118 434 2160; x_wconf 89' lang='lat' dir='ltr'><strong>sunt</strong></span> <span class='ocrx_word' id='word_1_174' title='bbox 446 2109 615 2161; x_wconf 80' lang='lat' dir='ltr'><strong>incunabula</strong></span> <span class='ocrx_word' id='word_1_175' title='bbox 627 2107 741 2172; x_wconf 70' lang='lat' dir='ltr'><strong>Bacchi:</strong></span> 
     </span>
     <span class='ocr_line' id='line_1_28' title="bbox 69 2177 843 2243; baseline 0.001 -13"><span class='ocrx_word' id='word_1_176' title='bbox 69 2180 156 2231; x_wconf 87' lang='lat' dir='ltr'><strong>Forte</strong></span> <span class='ocrx_word' id='word_1_177' title='bbox 168 2182 264 2230; x_wconf 80' lang='lat' dir='ltr'><strong>lovem</strong></span> <span class='ocrx_word' id='word_1_178' title='bbox 277 2186 448 2241; x_wconf 88' lang='lat' dir='ltr'><strong>memorant,</strong></span> <span class='ocrx_word' id='word_1_179' title='bbox 467 2177 599 2230; x_wconf 80' lang='lat' dir='ltr'><strong>diffusum</strong></span> <span class='ocrx_word' id='word_1_180' title='bbox 612 2187 742 2243; x_wconf 82' lang='lat' dir='ltr'><strong>nectare,</strong></span> <span class='ocrx_word' id='word_1_181' title='bbox 761 2192 843 2231; x_wconf 73' lang='lat' dir='ltr'><strong>curet</strong></span> 
     </span>
     <span class='ocr_line' id='line_1_29' title="bbox 70 2246 788 2318; baseline 0 -20"><span class='ocrx_word' id='word_1_182' title='bbox 70 2247 234 2316; x_wconf 76' lang='lat' dir='ltr'><strong>seposuisse</strong></span> <span class='ocrx_word' id='word_1_183' title='bbox 243 2263 356 2317; x_wconf 73' lang='lat' dir='ltr'><strong>graves,</strong></span> <span class='ocrx_word' id='word_1_184' title='bbox 374 2264 518 2316; x_wconf 78' lang='lat' dir='ltr'><strong>vacuoque</strong></span> <span class='ocrx_word' id='word_1_185' title='bbox 532 2248 650 2318; x_wconf 83' lang='lat' dir='ltr'><strong>agitasse</strong></span> <span class='ocrx_word' id='word_1_186' title='bbox 659 2246 788 2299; x_wconf 82' lang='lat' dir='ltr'><strong>remissos</strong></span> 
     </span>
     <span class='ocr_line' id='line_1_30' title="bbox 72 2316 853 2385; baseline 0.001 -18"><span class='ocrx_word' id='word_1_187' title='bbox 72 2318 142 2368; x_wconf 89' lang='lat' dir='ltr'><strong>Cum</strong></span> <span class='ocrx_word' id='word_1_188' title='bbox 155 2319 260 2369; x_wconf 88' lang='lat' dir='ltr'><strong>Iunone</strong></span> <span class='ocrx_word' id='word_1_189' title='bbox 274 2317 366 2378; x_wconf 88' lang='lat' dir='ltr'><strong>iocos,</strong></span> <span class='ocrx_word' id='word_1_190' title='bbox 385 2325 427 2380; x_wconf 91' lang='lat' dir='ltr'><strong>et,</strong></span> <span class='ocrx_word' id='word_1_191' title='bbox 445 2317 535 2368; x_wconf 83' lang='lat' dir='ltr'><strong>Maior</strong></span> <span class='ocrx_word' id='word_1_192' title='bbox 547 2322 640 2368; x_wconf 80' lang='lat' dir='ltr'><strong>vestra</strong></span> <span class='ocrx_word' id='word_1_193' title='bbox 650 2316 782 2385; x_wconf 89' lang='lat' dir='ltr'><strong>profecto</strong></span> <span class='ocrx_word' id='word_1_194' title='bbox 797 2324 853 2381; x_wconf 82' lang='lat' dir='ltr'><strong>est,</strong></span> 
     </span>
     <span class='ocr_line' id='line_1_31' title="bbox 72 2385 849 2455; baseline 0.003 -19"><span class='ocrx_word' id='word_1_195' title='bbox 72 2388 167 2448; x_wconf 83' lang='lat' dir='ltr'><strong>Quam</strong></span> <span class='ocrx_word' id='word_1_196' title='bbox 179 2386 251 2455; x_wconf 82' lang='lat' dir='ltr'><strong>quae</strong></span> <span class='ocrx_word' id='word_1_197' title='bbox 264 2386 410 2455; x_wconf 74' lang='lat' dir='ltr'><strong>contingat</strong></span> <span class='ocrx_word' id='word_1_198' title='bbox 426 2385 565 2452; x_wconf 80' lang='lat' dir='ltr'><strong>maribus,</strong></span> <span class='ocrx_word' id='word_1_199' title='bbox 583 2385 694 2453; x_wconf 73' lang='lat' dir='ltr'><strong>dixisse,</strong></span> <span class='ocrx_word' id='word_1_200' title='bbox 712 2385 849 2455; x_wconf 74' lang='lat' dir='ltr'><strong>voluptas.</strong></span> 
     </span>
     <span class='ocr_line' id='line_1_32' title="bbox 72 2454 770 2525; baseline -0.003 -19"><span class='ocrx_word' id='word_1_201' title='bbox 72 2455 123 2506; x_wconf 87' lang='lat' dir='ltr'><strong>Illa</strong></span> <span class='ocrx_word' id='word_1_202' title='bbox 135 2464 231 2525; x_wconf 78' lang='lat' dir='ltr'><strong>negat.</strong></span> <span class='ocrx_word' id='word_1_203' title='bbox 257 2454 377 2519; x_wconf 87' lang='lat' dir='ltr'><strong>Placuit,</strong></span> <span class='ocrx_word' id='word_1_204' title='bbox 397 2471 467 2522; x_wconf 82' lang='lat' dir='ltr'><strong>quae</strong></span> <span class='ocrx_word' id='word_1_205' title='bbox 483 2455 519 2505; x_wconf 85' lang='lat' dir='ltr'><strong>sit</strong></span> <span class='ocrx_word' id='word_1_206' title='bbox 534 2457 671 2507; x_wconf 84' lang='lat' dir='ltr'><strong>sententia</strong></span> <span class='ocrx_word' id='word_1_207' title='bbox 685 2454 770 2520; x_wconf 84' lang='lat' dir='ltr'><strong>docti,</strong></span> 
     </span>
     <span class='ocr_line' id='line_1_33' title="bbox 74 2524 864 2592; baseline 0.001 -17"><span class='ocrx_word' id='word_1_208' title='bbox 74 2527 230 2589; x_wconf 87' lang='lat' dir='ltr'><strong>Quaerere,</strong></span> <span class='ocrx_word' id='word_1_209' title='bbox 247 2524 376 2576; x_wconf 87' lang='lat' dir='ltr'><strong>Tiresiae.</strong></span> <span class='ocrx_word' id='word_1_210' title='bbox 399 2525 491 2574; x_wconf 85' lang='lat' dir='ltr'><strong>Venus</strong></span> <span class='ocrx_word' id='word_1_211' title='bbox 504 2524 570 2575; x_wconf 89' lang='lat' dir='ltr'><strong>huic</strong></span> <span class='ocrx_word' id='word_1_212' title='bbox 583 2532 645 2575; x_wconf 88' lang='lat' dir='ltr'><strong>erat</strong></span> <span class='ocrx_word' id='word_1_213' title='bbox 657 2532 777 2592; x_wconf 75' lang='lat' dir='ltr'><strong>utraque</strong></span> <span class='ocrx_word' id='word_1_214' title='bbox 788 2530 864 2576; x_wconf 77' lang='lat' dir='ltr'><strong>note.</strong></span> 
     </span>
     <span class='ocr_line' id='line_1_34' title="bbox 72 2591 722 2663; baseline -0.002 -18"><span class='ocrx_word' id='word_1_215' title='bbox 72 2595 145 2646; x_wconf 89' lang='lat' dir='ltr'><strong>Nam</strong></span> <span class='ocrx_word' id='word_1_216' title='bbox 162 2592 216 2645; x_wconf 88' lang='lat' dir='ltr'><strong>duo</strong></span> <span class='ocrx_word' id='word_1_217' title='bbox 233 2609 403 2663; x_wconf 80' lang='lat' dir='ltr'><strong>magnorum</strong></span> <span class='ocrx_word' id='word_1_218' title='bbox 418 2593 499 2645; x_wconf 86' lang='lat' dir='ltr'><strong>viridi</strong></span> <span class='ocrx_word' id='word_1_219' title='bbox 513 2593 643 2644; x_wconf 85' lang='lat' dir='ltr'><strong>co&#39;e&#39;untie</strong></span> <span class='ocrx_word' id='word_1_220' title='bbox 654 2591 722 2644; x_wconf 78' lang='lat' dir='ltr'><strong>silva</strong></span> 
     </span>
     <span class='ocr_line' id='line_1_35' title="bbox 73 2660 735 2732; baseline 0.002 -19"><span class='ocrx_word' id='word_1_221' title='bbox 73 2664 198 2732; x_wconf 86' lang='lat' dir='ltr'><strong>Corpora</strong></span> <span class='ocrx_word' id='word_1_222' title='bbox 211 2670 372 2729; x_wconf 86' lang='lat' dir='ltr'><strong>serpentum</strong></span> <span class='ocrx_word' id='word_1_223' title='bbox 387 2660 480 2712; x_wconf 84' lang='lat' dir='ltr'><strong>baculi</strong></span> <span class='ocrx_word' id='word_1_224' title='bbox 494 2660 648 2713; x_wconf 83' lang='lat' dir='ltr'><strong>violaverat</strong></span> <span class='ocrx_word' id='word_1_225' title='bbox 660 2661 735 2728; x_wconf 85' lang='lat' dir='ltr'><strong>ictu:</strong></span> 
     </span>
     <span class='ocr_line' id='line_1_36' title="bbox 72 2729 796 2801; baseline -0.003 -20"><span class='ocrx_word' id='word_1_226' title='bbox 72 2733 172 2801; x_wconf 87' lang='lat' dir='ltr'><strong>Deque</strong></span> <span class='ocrx_word' id='word_1_227' title='bbox 183 2732 243 2782; x_wconf 74' lang='lat' dir='ltr'><strong>ciro</strong></span> <span class='ocrx_word' id='word_1_228' title='bbox 256 2731 362 2795; x_wconf 81' lang='lat' dir='ltr'><strong>factus,</strong></span> <span class='ocrx_word' id='word_1_229' title='bbox 380 2730 524 2794; x_wconf 80' lang='lat' dir='ltr'><strong>mirabile,</strong></span> <span class='ocrx_word' id='word_1_230' title='bbox 542 2729 663 2793; x_wconf 83' lang='lat' dir='ltr'><strong>femine,</strong></span> <span class='ocrx_word' id='word_1_231' title='bbox 679 2737 796 2797; x_wconf 82' lang='lat' dir='ltr'><strong>septem·</strong></span> 
     </span>
     <span class='ocr_line' id='line_1_37' title="bbox 72 2798 716 2879; baseline -0.003 -28"><span class='ocrx_word' id='word_1_232' title='bbox 72 2803 177 2879; x_wconf 76' lang='lat' dir='ltr'><strong>Egerat</strong></span> <span class='ocrx_word' id='word_1_233' title='bbox 189 2809 345 2852; x_wconf 89' lang='lat' dir='ltr'><strong>autumnos.</strong></span> <span class='ocrx_word' id='word_1_234' title='bbox 374 2803 480 2851; x_wconf 79' lang='lat' dir='ltr'><strong>Octavo</strong></span> <span class='ocrx_word' id='word_1_235' title='bbox 494 2815 589 2850; x_wconf 85' lang='lat' dir='ltr'><strong>rursus</strong></span> <span class='ocrx_word' id='word_1_236' title='bbox 603 2798 716 2850; x_wconf 88' lang='lat' dir='ltr'><strong>eosdem</strong></span> 
     </span>
     <span class='ocr_line' id='line_1_38' title="bbox 72 2867 795 2936; baseline -0.003 -15"><span class='ocrx_word' id='word_1_237' title='bbox 72 2870 165 2935; x_wconf 81' lang='lat' dir='ltr'><strong>Vidit,</strong></span> <span class='ocrx_word' id='word_1_238' title='bbox 184 2878 225 2936; x_wconf 86' lang='lat' dir='ltr'><strong>et,</strong></span> <span class='ocrx_word' id='word_1_239' title='bbox 246 2874 291 2921; x_wconf 84' lang='lat' dir='ltr'><strong>Est</strong></span> <span class='ocrx_word' id='word_1_240' title='bbox 303 2877 411 2920; x_wconf 86' lang='lat' dir='ltr'><strong>vestrae</strong></span> <span class='ocrx_word' id='word_1_241' title='bbox 423 2869 446 2919; x_wconf 83' lang='lat' dir='ltr'><strong>si</strong></span> <span class='ocrx_word' id='word_1_242' title='bbox 457 2877 535 2920; x_wconf 83' lang='lat' dir='ltr'><strong>tenta</strong></span> <span class='ocrx_word' id='word_1_243' title='bbox 548 2867 673 2936; x_wconf 86' lang='lat' dir='ltr'><strong>potentia</strong></span> <span class='ocrx_word' id='word_1_244' title='bbox 687 2867 795 2936; x_wconf 82' lang='lat' dir='ltr'><strong>plagae,</strong></span> 
     </span>
     <span class='ocr_line' id='line_1_39' title="bbox 72 2936 784 3004; baseline -0.004 -14"><span class='ocrx_word' id='word_1_245' title='bbox 72 2939 163 3004; x_wconf 85' lang='lat' dir='ltr'><strong>Dixit,</strong></span> <span class='ocrx_word' id='word_1_246' title='bbox 179 2947 216 2990; x_wconf 90' lang='lat' dir='ltr'><strong>ut</strong></span> <span class='ocrx_word' id='word_1_247' title='bbox 225 2937 348 2990; x_wconf 84' lang='lat' dir='ltr'><strong>auctoris</strong></span> <span class='ocrx_word' id='word_1_248' title='bbox 362 2946 467 2989; x_wconf 87' lang='lat' dir='ltr'><strong>sortem</strong></span> <span class='ocrx_word' id='word_1_249' title='bbox 479 2938 508 2989; x_wconf 91' lang='lat' dir='ltr'><strong>in</strong></span> <span class='ocrx_word' id='word_1_250' title='bbox 522 2936 662 2990; x_wconf 85' lang='lat' dir='ltr'><strong>contraria</strong></span> <span class='ocrx_word' id='word_1_251' title='bbox 676 2944 784 3003; x_wconf 82' lang='lat' dir='ltr'><strong>mutet3</strong></span> 
     </span>
     <span class='ocr_line' id='line_1_40' title="bbox 73 3000 947 3077; baseline -0.006 -18"><span class='ocrx_word' id='word_1_252' title='bbox 73 3010 156 3059; x_wconf 89' lang='lat' dir='ltr'><strong>Nunc</strong></span> <span class='ocrx_word' id='word_1_253' title='bbox 169 3024 280 3077; x_wconf 84' lang='lat' dir='ltr'><strong>quoque</strong></span> <span class='ocrx_word' id='word_1_254' title='bbox 291 3024 340 3058; x_wconf 81' lang='lat' dir='ltr'><strong>voe</strong></span> <span class='ocrx_word' id='word_1_255' title='bbox 351 3006 460 3058; x_wconf 75' lang='lat' dir='ltr'><strong>feriam.</strong></span> <span class='ocrx_word' id='word_1_256' title='bbox 487 3007 624 3058; x_wconf 74' lang='lat' dir='ltr'><strong>Percussis</strong></span> <span class='ocrx_word' id='word_1_257' title='bbox 638 3006 773 3075; x_wconf 82' lang='lat' dir='ltr'><strong>anguibus</strong></span> <span class='ocrx_word' id='word_1_258' title='bbox 786 3000 876 3054; x_wconf 80' lang='lat' dir='ltr'><strong>isdem</strong></span> <span class='ocrx_word' id='word_1_259' title='bbox 896 3040 899 3053; x_wconf 85' lang='lat'><strong>.</strong></span> <span class='ocrx_word' id='word_1_260' title='bbox 944 3070 947 3075; x_wconf 23' lang='grc'>1</span> 
     </span>
     <span class='ocr_line' id='line_1_41' title="bbox 73 3074 796 3145; baseline 0.001 -16"><span class='ocrx_word' id='word_1_261' title='bbox 73 3079 178 3129; x_wconf 82' lang='lat' dir='ltr'><strong>Forma</strong></span> <span class='ocrx_word' id='word_1_262' title='bbox 189 3079 267 3145; x_wconf 85' lang='lat' dir='ltr'><strong>prior</strong></span> <span class='ocrx_word' id='word_1_263' title='bbox 279 3075 379 3139; x_wconf 87' lang='lat' dir='ltr'><strong>rediit,</strong></span> <span class='ocrx_word' id='word_1_264' title='bbox 398 3075 574 3144; x_wconf 77' lang='lat' dir='ltr'><strong>genitivuque</strong></span> <span class='ocrx_word' id='word_1_265' title='bbox 584 3091 679 3127; x_wconf 83' lang='lat' dir='ltr'><strong>rursus</strong></span> <span class='ocrx_word' id='word_1_266' title='bbox 693 3074 796 3144; x_wconf 76' lang='lat' dir='ltr'><strong>imago.</strong></span> 
     </span>
     <span class='ocr_line' id='line_1_42' title="bbox 72 3144 684 3215; baseline -0.002 -19"><span class='ocrx_word' id='word_1_267' title='bbox 72 3145 187 3197; x_wconf 80' lang='lat' dir='ltr'><strong>Arbiter</strong></span> <span class='ocrx_word' id='word_1_268' title='bbox 199 3146 245 3198; x_wconf 89' lang='lat' dir='ltr'><strong>hic</strong></span> <span class='ocrx_word' id='word_1_269' title='bbox 257 3145 344 3215; x_wconf 72' lang='lat' dir='ltr'><strong>igitur</strong></span> <span class='ocrx_word' id='word_1_270' title='bbox 356 3154 462 3197; x_wconf 87' lang='lat' dir='ltr'><strong>sumtus</strong></span> <span class='ocrx_word' id='word_1_271' title='bbox 476 3144 510 3197; x_wconf 88' lang='lat' dir='ltr'><strong>de</strong></span> <span class='ocrx_word' id='word_1_272' title='bbox 520 3144 568 3196; x_wconf 88' lang='lat' dir='ltr'><strong>lite</strong></span> <span class='ocrx_word' id='word_1_273' title='bbox 580 3145 684 3209; x_wconf 84' lang='lat' dir='ltr'><strong>iocosa,</strong></span> 
     </span>
     <span class='ocr_line' id='line_1_43' title="bbox 72 3212 734 3281; baseline -0.003 -15"><span class='ocrx_word' id='word_1_274' title='bbox 72 3214 156 3266; x_wconf 89' lang='lat' dir='ltr'><strong>Dicta</strong></span> <span class='ocrx_word' id='word_1_275' title='bbox 169 3214 238 3265; x_wconf 73' lang='lat' dir='ltr'><strong>loisis</strong></span> <span class='ocrx_word' id='word_1_276' title='bbox 252 3213 355 3265; x_wconf 84' lang='lat' dir='ltr'><strong>firmat.</strong></span> <span class='ocrx_word' id='word_1_277' title='bbox 380 3213 496 3264; x_wconf 79' lang='lat' dir='ltr'><strong>Gravius</strong></span> <span class='ocrx_word' id='word_1_278' title='bbox 513 3215 640 3265; x_wconf 82' lang='lat' dir='ltr'><strong>Saturnia</strong></span> <span class='ocrx_word' id='word_1_279' title='bbox 652 3212 734 3281; x_wconf 87' lang='lat' dir='ltr'><strong>iusto,</strong></span> 
     </span>
     <span class='ocr_line' id='line_1_44' title="bbox 72 3281 695 3350; baseline -0.005 -15"><span class='ocrx_word' id='word_1_280' title='bbox 72 3286 133 3335; x_wconf 84' lang='lat' dir='ltr'><strong>Nec</strong></span> <span class='ocrx_word' id='word_1_281' title='bbox 145 3299 200 3350; x_wconf 91' lang='lat' dir='ltr'><strong>pro</strong></span> <span class='ocrx_word' id='word_1_282' title='bbox 214 3284 332 3335; x_wconf 85' lang='lat' dir='ltr'><strong>materie</strong></span> <span class='ocrx_word' id='word_1_283' title='bbox 345 3281 436 3333; x_wconf 80' lang='lat' dir='ltr'><strong>fertur</strong></span> <span class='ocrx_word' id='word_1_284' title='bbox 448 3281 579 3335; x_wconf 87' lang='lat' dir='ltr'><strong>doluisse:</strong></span> <span class='ocrx_word' id='word_1_285' title='bbox 597 3282 695 3349; x_wconf 84' lang='lat' dir='ltr'><strong>suique</strong></span> 
     </span>
     <span class='ocr_line' id='line_1_45' title="bbox 7 3335 1030 3409; baseline -0.001 -4"><span class='ocrx_word' id='word_1_286' title='bbox 7 3362 8 3365; x_wconf 75' lang='grc'>’</span> <span class='ocrx_word' id='word_1_287' title='bbox 72 3351 304 3409; x_wconf 84' lang='lat' dir='ltr'><strong>Iudicisaeterna</strong></span> <span class='ocrx_word' id='word_1_288' title='bbox 314 3350 684 3408; x_wconf 72' lang='lat' dir='ltr'><strong>damnantiumiuenocte.</strong></span> <span class='ocrx_word' id='word_1_289' title='bbox 933 3400 935 3409; x_wconf 74' lang='grc'><strong><em>,</em></strong></span> <span class='ocrx_word' id='word_1_290' title='bbox 975 3335 1030 3396; x_wconf 72' lang='grc'><strong>355</strong></span> 
     </span>
    </p>
   </div>
   <div class='ocr_carea' id='block_1_4' title="bbox 116 3418 827 3483">
    <p class='ocr_par' dir='ltr' id='par_1_16' title="bbox 116 3418 827 3483">
     <span class='ocr_line' id='line_1_46' title="bbox 116 3418 827 3483; baseline -0.006 -2"><span class='ocrx_word' id='word_1_291' title='bbox 116 3445 206 3481; x_wconf 51' lang='lat' dir='ltr'><strong>ormo</strong></span> <span class='ocrx_word' id='word_1_292' title='bbox 216 3430 252 3483; x_wconf 86' lang='lat'><strong>11.</strong></span> <span class='ocrx_word' id='word_1_293' title='bbox 801 3418 827 3477; x_wconf 75' lang='lat' dir='ltr'>E</span> 
     </span>
    </p>
   </div>
   <div class='ocr_carea' id='block_1_5' title="bbox 0 0 1185 3834">
    <p class='ocr_par' dir='ltr' id='par_1_17' title="bbox 0 0 1185 3834">
     <span class='ocr_line' id='line_1_47' title="bbox 0 0 1185 3834; baseline 0 0"><span class='ocrx_word' id='word_1_294' title='bbox 0 0 1185 3834; x_wconf 95' lang='lat' dir='ltr'><strong> </strong></span> 
     </span>
    </p>
   </div>
  </div>
 </body>
</html>
