2350 3834
274 214 732 287 Marianoaraosaun
752 205 831 296 tra.
854 205 911 303 vn
952 203 957 302 ᾗ
987 205 1090 301 ‚tout
1148 287 1154 300 J

101 360 218 428 Altera,‘
236 360 321 414 solari
337 363 469 417 miseram
482 372 584 417 conata
598 359 849 433 parenterin‘vi’*
864 359 894 402 δέ
992 359 996 396 ³
1013 359 1053 401 ‘⁵2
1129 367 1155 400 2¹

103 431 366 499 Conticuit-subito,
386 434 581 504 duplicataque
593 434 707 485 vulnere
729 447 815 486 caeco
831 438 883 488 est.

103 504 232 570 [Oraque
246 518 303 554 non
315 504 422 570 pressit,
440 503 494 554 nisi
505 512 653 572 postquam
671 501 781 571 spiritus
797 499 874 569 exit]

73 610 77 620 ,
102 573 182 622 Haec
199 570 432 642 frustra'fugiens
449 572 614 636 collabitur3
636 571 687 623 illa
702 569 795 634 sorori

101 640 284 701 Immoritur3
305 639 375 693 latet
382 641 468 705 haec;
485 641 565 693 illam
574 651 620 694 tre
637 641 716 693 idare
729 639 863 697 viderent

102 713 214 776 Sexque
227 707 298 760 datis
314 710 381 776 leto,
409 710 572 780 diversaque
584 660 702 762 vulnera
719 708 815 776 passis,

102 778 210 828 Ultima
224 778 367 830 restabat:
393 796 479 848 quarn
490 789 550 832 toto
569 795 688 849 corpore
706 786 807 842 mater,

100 848 177 898 Tota
188 855 385 917 vestetegens,
399 875 401 878 ·
412 853 501 900 Unam
519 848 722 917 minimamque
733 845 878 914 relinque3

100 917 145 967 De
156 915 254 966 multis
271 918 417 968 minimam
435 925 531 986 posco,
547 917 689 981 clamavit,
714 923 742 967 et
759 931 854 967 unam.

100 987 235 1053 Dumque
251 995 342 1055 rogat,
367 1004 419 1053 pro
439 1004 494 1055 qua
509 996 601 1056 rogat,
619 984 731 1039 occidit.
763 983 842 1058 'Orba
857 980 962 1035 resedit
1037 1041 1040 1046 ¹

101 1054 250 1106 Exanimes
269 1053 344 1107 inter
355 1064 445 1120 natos,
463 1065 606 1124 natasque,
625 1055 786 1123 virumque:

100 1122 280 1192 Diriguitque
294 1124 384 1176 malis.
416 1124 514 1176 Nullos
533 1134 631 1180 movet,
644 1141 713 1175 aura
730 1120 854 1190 capillos.

101 1196 135 1245 In
146 1191 229 1243 vultu
245 1191 326 1244 color
341 1201 386 1244 est
401 1194 460 1245 sine
477 1194 626 1264 sanguine:
653 1193 762 1245 lumina
776 1188 894 1244 moestis
967 1241 970 1246 4

102 1266 184 1313 Stant
194 1261 314 1316 immota
324 1262 416 1331 genis:
446 1263 515 1315 nihil
529 1272 571 1315 est
587 1264 616 1315 in
629 1262 751 1332 imagine
771 1259 835 1312 vivi.

101 1334 166 1398 Ipsa
181 1346 293 1400 quoque
308 1330 426 1382 interius
437 1349 501 1383 cum
519 1331 590 1384 duro
609 1332 705 1403 lingua
725 1329 821 1399 palato

102 1399 247 1469 Congelat‚
266 1409 294 1451 et
310 1416 397 1453 venae
414 1400 550 1452 desistunt
562 1419 642 1469 posse
655 1400 773 1453 moveri.

101 1472 166 1522 Meo
183 1468 263 1520 flecti
275 1469 376 1534 cervix,
410 1487 463 1522 nec
478 1470 594 1522 brachia
611 1470 730 1523 reddere
749 1475 851 1539 gestus,

100 1540 161 1591 Nec
172 1554 221 1606 pes
234 1537 277 1588 ire
288 1545 392 1606 potest:
420 1540 493 1591 intra
515 1538 626 1609 quoque
639 1541 746 1591 viscera
760 1553 857 1589 saxum
870 1540 920 1589 eet.

99 1607 164 1660 Flet
176 1615 285 1671 tamen,
303 1616 332 1659 et
344 1606 429 1658 validi
448 1608 623 1661 circumdata
634 1608 748 1661 turbine
764 1605 842 1665 venti

99 1680 134 1729 In
150 1676 273 1744 patriam
288 1684 368 1745 rapta
387 1685 443 1741 est;
467 1678 517 1729 ubi
533 1678 587 1730 fixa
600 1674 752 1730 cacumine
766 1672 870 1727 montis

98 1745 247 1815 Liquitur,
266 1754 294 1796 et
310 1745 440 1798 lacrimas
457 1748 611 1798 etiamnum
625 1762 766 1800 marmora
776 1748 899 1796 manant.

170 1816 245 1865 Tum
257 1829 323 1865 vero
338 1816 410 1866 tanti
422 1816 599 1867 manifestam
613 1816 734 1867 numinis
749 1814 823 1865 iram

98 1884 217 1938 Femina
234 1883 332 1952 virque
350 1885 464 1936 timent:
493 1884 629 1954 cultuque
644 1883 795 1952 impensius
813 1893 912 1934 omnes

98 1957 207 2024 Magna,
216 1952 415 2021 gemelliparae
426 1962 596 2006 venerantur
611 1954 728 2006 numina
740 1952 835 2005 Divae.

98 2027 194 2092 thue
206 2022 256 2087 fit,
274 2022 375 2073 efecto
395 2022 527 2091 propiore
539 2023 636 2090 priora
653 2029 808 2075 renarrant.

97 2094 121 2145 E
138 2092 239 2162 quibus
253 2108 325 2143 unus
338 2091 392 2142 ait:
416 2092 518 2159 Lyciae
531 2109 644 2162 quoque
657 2091 758 2144 fertilis
769 2086 843 2159 agris

97 2162 180 2213 Haud
197 2160 313 2228 impune
327 2160 409 2212 deam
420 2169 526 2213 veteres
540 2178 669 2228 sprevere
683 2159 785 2213 coloni.

97 2229 151 2283 Res
166 2230 288 2281 obscura
299 2229 413 2299 quidem
427 2238 469 2281 est
483 2227 662 2301 ignobilitate
673 2231 814 2290 virorums

98 2302 169 2352 Mira
180 2307 287 2350 tamen.
323 2298 385 2351 Vidi
403 2315 530 2368 praesens
542 2309 728 2370 stagnumque
740 2299 893 2366 locumque

96 2368 230 2438 Prodigia
242 2375 357 2429 notum;
385 2385 452 2419 nam
463 2386 509 2420 me
521 2369 578 2420 iam
589 2371 723 2440 grandior
743 2382 823 2435 aevo,

96 2438 307 2507 Impatiensque
316 2437 377 2487 viae
387 2439 499 2507 genitor
512 2437 651 2491 deducere
667 2439 756 2491 lectos
785 2481 787 2488 ,

96 2511 218 2560 Iusserat
231 2505 297 2556 inde
309 2505 403 2568 boves,
420 2506 566 2576 gentisque
579 2507 653 2560 illius
667 2507 745 2560 eunti

96 2579 156 2645 lpse
170 2578 276 2646 ducem
289 2573 419 2627 dederat:
447 2593 511 2626 cum
526 2593 581 2644 quo
593 2575 660 2628 dum
670 2591 775 2643 pascua
791 2572 902 2635 luttr03

95 2646 167 2700 Ecce
178 2645 259 2696 lacus
270 2643 363 2696 medio
373 2659 522 2696 sacrorum.
531 2645 614 2714 nigra
625 2644 722 2696 favilla

96 2720 150 2767 Ara
163 2723 246 2766 vetus
265 2713 364 2776 stabat,
382 2713 509 2765 tremulis
521 2713 695 2765 circumdata
714 2711 821 2776 omnia.
876 2749 878 2758 ι

96 2784 218 2847 Restitit,
234 2790 266 2833 et
279 2781 390 2851 pavido,
408 2785 509 2834 Faveas
523 2782 602 2848 milri,
624 2799 768 2836 murmure
778 2779 846 2833 dixit

95 2854 154 2904 Dux
166 2868 264 2908 meus:
296 2859 323 2903 et
334 2851 428 2912 simili,
450 2854 560 2917 Faveas,
577 2861 629 2923 ego
647 2845 791 2905 murmure
805 2849 875 2910 dinit

95 2922 246 2984 Naiadum,
277 2921 399 2972 Faunine
414 2920 497 2986 foret,
514 2930 618 2987 tamen,
637 2940 694 2988 ara,
712 2921 859 2994 rogalqam,

95 2991 283 3061 indigenaeve
291 2988 354 3052 ‘dei3
374 3007 438 3041 curn
449 2990 518 3044 talia
529 2990 651 3046 reddidit
667 2991 782 3073 hospes:
943 3045 944 3048 ,

94 3062 156 3112 Νοη
167 3061 233 3126 hac,
243 3059 270 3110 ‘o
283 3058 399 3126 iuvenis,
417 3069 584 3111 montanum
598 3078 702 3113 numen
716 3079 745 3112 m
761 3075 810 3112 ara
826 3064 879 3113 eet.

95 3129 145 3184 Illa
157 3145 241 3181 suam
252 3136 337 3179 vocat
352 3128 434 3193 hanc,
452 3130 498 3181 cui
515 3129 660 3198 quondam¹
671 3130 748 3199 regia
764 3133 834 3182 Iuno

95 3199 199 3251 Orbem
216 3196 376 3250 interdixit:
393 3215 479 3266 qnam
492 3197 536 3249 vix
549 3198 669 3251 erratica
685 3199 767 3252 Delos

95 3271 230 3319 Orantem
242 3267 362 3333 accepit,
378 3274 441 3317 tum
454 3284 520 3318 cum
538 3267 605 3319 levis
619 3266 708 3322 insula
719 3268 816 3320 nabat.

94 3336 153 3390 Illic
164 3335 410 3395 incumbentem
416 3334 545 3412 „Pauadis
551 3337 656 3394 ,ubere
667 3337 793 3409 palmae,
