2350 3834
243 211 682 268 Merauoaenosaon
706 213 790 266 ura.
807 192 888 276 m.
966 211 1031 283 aaa

71 350 238 430 Effusaeque
252 377 356 427 comas,
374 367 405 412 et
418 368 531 428 apertam
542 367 661 428 pectora
670 367 777 412 matres
891 396 892 401 ,

71 431 239 503 Significant
251 431 369 483 luctum.
392 429 536 498 Nymphae
550 430 661 498 quoque
671 430 744 481 flere
754 428 894 498 ridentia,

71 504 255 568 siccatosque
265 500 347 570 queri
358 496 460 552 fontes.
495 501 560 550 Sine
573 498 719 550 frondibus
731 499 814 552 arbos
871 537 874 542 ι
978 499 1032 554 690

71 571 154 624 Nuda
164 570 251 640 riget:
267 569 373 621 rodunt
382 568 489 621 arentia
500 585 564 621 saxa
576 568 710 635 capellae.
775 620 777 628 s

71 643 144 692 Ecce
156 638 227 695 facit
237 638 335 690 mediis
347 647 428 690 natae
440 638 542 689 Orione
554 637 665 701 Thebis,

72 714 151 761 Hanc
164 726 222 761 non
235 709 391 761 femineum
403 707 501 788 iugulo
516 706 583 758 dare
595 715 693 775 pectus
707 715 814 776 aperto,
901 713 906 725 ¹

72 779 163 844 Illam,
182 777 301 830 demisso
316 795 368 846 per
379 778 468 830 forna
480 775 674 841 vulneratelo,
1076 812 1079 827 .

72 851 125 901 Pro
139 865 176 920 po
198 847 245 899 ulo
262 847 393 909 cecidisse
407 864 473 911 suo;
492 845 655 914 pulcrisque
667 861 719 912 per
731 845 832 898 urbem
853 883 857 898 ,
979 847 1031 902 695

72 921 148 970 Fame
168 917 172 929 '
195 933 226 968 us
239 917 317 981 ferri,
336 916 496 985 celebrique
509 915 538 966 in
551 923 632 983 parte
648 914 782 977 cremari3

72 990 146 1039 Tum
160 986 194 1039 de
207 987 333 1057 virginea
345 985 473 1055 geminos
491 970 565 1036 'exire
577 983 682 1051 favilla,

72 1059 114 1109 Ne
127 1072 214 1127 genus
225 1057 354 1120 intereat,
371 1057 495 1117 iuuenes,
513 1070 583 1122 quos
597 1053 674 1104 farne
687 1055 809 1107 Coronas

72 1126 215 1189 Nominat,
235 1135 263 1177 et
273 1125 500 1177 cinerimaterno
516 1123 620 1179 ducere
632 1139 777 1191 pompam.

23 1240 29 1257 ,
72 1199 212 1248 Hactenus
227 1196 342 1264 antiquo
356 1194 440 1264 signis
451 1192 622 1262 fulgentibus
633 1209 710 1255 aare,
980 1191 1032 1246 700

74 1269 206 1325 Summus
218 1266 350 1317 inaurato
365 1272 457 1316 crater
469 1270 532 1314 erat
545 1279 626 1331 asper
641 1260 770 1314 acantho.
833 1284 842 1293 „
974 1282 981 1291 ·
1019 1264 1023 1269 ’
1104 1264 1106 1271 “

73 1336 132 1387 Nec
146 1333 252 1386 leviora
267 1333 337 1384 datis
348 1333 462 1384 Troiani
477 1333 550 1384 dona
561 1331 724 1383 remittunt:

73 1406 204 1472 Dantque
218 1402 368 1468 sacerdoti,
386 1402 531 1454 custodem
544 1401 623 1466 turis,
640 1416 778 1466 acerram,

72 1476 147 1527 Dant
159 1481 296 1541 pateram,
314 1471 475 1542 claramque
489 1487 557 1523 auro
571 1471 747 1541 gemmisque
759 1482 903 1524 coronam,

107 1541 177 1596 Inde
192 1541 333 1595 recordati
345 1545 469 1594 Teiioros
483 1559 500 1593 a
510 1541 644 1611 sanguine
658 1539 761 1591 Teucri
980 1538 1032 1597 705

72 1614 183 1664 Ducere
194 1611 372 1681 principium,
390 1614 488 1664 Creten
498 1619 624 1669 tenuere,
640 1609 755 1677 locique

73 1685 158 1734 Ferre
173 1680 222 1737 diu
233 1681 367 1750 nequiere
378 1685 487 1732 Iovem:
506 1689 675 1747 centumque
688 1676 796 1729 relictis

74 1751 205 1818 Urbibus,
222 1752 358 1803 Ausonios
371 1758 469 1819 optant
481 1749 646 1818 contingere
661 1755 767 1815 portus,

73 1821 169 1873 Saeuit
182 1821 281 1885 hiems,
299 1821 441 1889 iactatque
454 1819 541 1871 uiros:
560 1815 805 1886 Strophadumque
815 1821 945 1884 receptos

73 1891 212 1943 Portubus
225 1889 317 1942 infidis
332 1888 467 1942 exterruit
480 1886 636 1940 alesA‘e'llo.
738 1930 742 1934 Α
764 1950 767 1957 .
979 1884 1032 1936 710

76 1960 179 2011 Etiam
192 1959 334 2012 Dulichios
345 1967 452 2027 portua,
469 1958 659 2026 [thecamque
677 1957 843 2025 Samenque,

73 2028 250 2100 Neritiasque
268 2027 375 2101 domos,
391 2044 512 2097 regnum
523 2026 633 2078 fallacis
649 2023 754 2092 Ulyxei,
782 2060 787 2067 -

73 2101 190 2152 Praeter
204 2106 284 2150 erant
295 2097 384 2151 neoti:
404 2107 541 2153 certatam
554 2097 605 2149 lite
619 2095 738 2147 deorum

73 2169 264 2226 Ambraciam,
279 2169 407 2236 versique
421 2167 515 2220 vident
531 2167 582 2221 sub
596 2164 721 2234 imagine
735 2176 831 2215 saxum

74 2237 186 2303 Iudicis,
204 2237 319 2289 Actiaco
336 2253 407 2306 quae
421 2254 497 2289 nunc
514 2236 549 2289 ab
562 2235 689 2306 Apolline
703 2241 772 2287 nota
785 2241 835 2300 eet,

74 2307 265 2376 vocalemque
276 2324 325 2358 sua
335 2314 444 2361 terram
454 2306 601 2361 Dodonida
612 2320 728 2374 quercu,
766 2363 769 2368 ,

75 2376 268 2446 Chaoniosque
281 2377 370 2430 sinus:
389 2377 437 2428 ubi
450 2377 511 2429 nati
527 2392 595 2446 rege
607 2373 727 2427 Molosso

74 2447 165 2514 Impia
179 2445 310 2497 subiectis
320 2445 566 2516 fugereincendia
575 2445 682 2514 pennis.

109 2516 239 2568 Proxima
251 2515 408 2567 Rhaeacum
418 2516 549 2567 felicibus
562 2514 653 2566 obsita
666 2511 758 2582 pomis

74 2588 272 2653 Rurapetunt.
294 2585 391 2654 Epiros
405 2585 441 2636 ab
453 2585 505 2650 hie,
522 2591 695 2653 regnataque
709 2578 768 2631 rati

74 2655 226 2708 Buthrotos
239 2652 370 2724 Phrygio,
386 2653 571 2722 simulataque
583 2652 668 2704 Troia
680 2654 818 2704 tenentur.

75 2724 144 2776 Inde
154 2723 317 2789 futurorum
329 2722 409 2782 certi,
427 2720 614 2793 quaeeuncta
626 2720 704 2772 fideli

74 2793 228 2852 Priamides
244 2793 364 2844 Helenus
377 2792 488 2845 monitu
499 2790 683 2860 praedixerat,
697 2790 806 2842 intrant

75 2862 226 2915 Sicaniam.
249 2862 350 2914 Tribus
361 2862 432 2915 haec
443 2856 565 2915 exourr'it
576 2862 606 2913 in
618 2875 741 2929 aequora
751 2859 870 2931 lingulis:

74 2934 96 2985 E
151 2931 386 2985 ibusimb‘riferoa
402 2931 675 2998 obversavPachynos
686 2929 721 2980 ad
737 2934 868 2982 Austros:

75 2949 210 3055 Mffliaus
222 3001 378 3070 expositum
390 3001 521 3071 Zephyris
535 3000 700 3069 Lilybaeon:
720 3008 750 3051 at
761 3006 867 3053 Arcton

75 3070 212 3140 Aequoris
226 3078 369 3139 expertem
384 3080 492 3140 spectat
502 3074 665 3140 Boreaeque
678 3070 800 3124 Peloros.

74 3142 139 3192 Hac
150 3140 272 3191 subeunt
283 3139 398 3193 Teucri:
414 3141 554 3211 remisque
577 3148 711 3209 aestuque
727 3138 858 3192 secundo
949 3138 950 3141 ’

77 3209 133 3260 Sub
147 3217 261 3261 noctem
295 3210 382 3261 otitur
392 3211 526 3263 Zanclaea
537 3209 630 3263 classis
643 3225 737 3264 arena.

78 3278 171 3345 Scylla
181 3278 256 3329 latus
269 3226 406 3345 dextr-um,
424 3281 535 3332 laevum
549 3279 703 3348 irrequieta
714 3274 865 3345 Charybdis

28 3408 33 3419 .
78 3347 234 3404 infestant*
246 3348 335 3401 Vorat
344 3348 414 3404 haec
427 3358 534 3421 raptans
547 3350 723 3420 revomitque
735 3347 859 3401 cumas:
