2350 3834
269 207 722 266 MET'AMORPHOSEON
754 211 837 266 LIB.
858 214 895 271 X.
993 215 1053 280 178

99 356 250 416 Orantem,
279 351 443 424 frustraque
454 353 557 408 iterum
564 353 684 410 transire
697 356 850 426 volentem,

96 422 222 474 Portitor
236 431 374 474 arcuerat.
409 427 522 493 Septem
535 433 632 482 tamen
646 425 693 477 ille
711 425 807 477 diebus

97 490 245 560 Squalidus
257 491 286 542 iu
300 492 368 560 ripa,
387 494 491 545 Cereris
502 495 561 545 sine
579 511 705 559 munere,
723 494 803 547 sedit.

96 563 171 612 Cura
187 560 322 628 dolorque
336 562 430 626 animi,
447 562 637 638 lacrimaeque
652 564 786 615 alimenta
800 562 891 621 fuere.
965 621 971 632 ,
1020 568 1053 624 75
1076 587 1085 601 .

95 629 243 694 Essedeos
255 631 336 681 Erebi
350 632 480 684 crudeles
495 642 615 700 questus,
633 634 664 685 in
677 633 765 685 altam

95 704 131 750 Se
144 698 246 766 recipit
256 698 418 769 Rhodopen,
436 701 603 770 pulsumque
614 702 795 771 Aquilonibus
812 705 948 760 Haemon.

93 769 206 819 Tertius
218 770 363 835 aequoreis
373 769 513 822 inclusum
525 772 647 823 Piscibus
662 789 766 824 annum

93 838 219 889 Finierat
230 840 328 890 Titan:
352 856 521 908 omnemque
541 840 687 911 refugerat
701 840 826 907 Orpheus

93 909 256 962 Femineam
272 910 425 974 Venerem,
447 926 505 960 vseu
521 908 596 977 quod
609 909 683 968 male
700 919 819 962 cesserat
830 910 882 980 illi,
1017 915 1052 969 80

93 976 157 1028 Sive
171 976 257 1027 fidem
271 976 395 1032 dederat.
431 978 531 1030 Multas
546 988 641 1034 tamen
653 979 737 1032 ardor
747 977 870 1034 habebat
932 992 936 998 “

92 1046 213 1115 Iungere
227 1063 256 1097 se
271 1046 341 1098 vati:
366 1047 472 1117 inultae
490 1047 606 1101 doluere
619 1048 757 1117 repulsae.
898 1105 900 1112 ,

91 1115 143 1167 Ille
160 1115 244 1166 etiam
257 1116 398 1175 Thracum
410 1117 519 1185 populis
532 1118 589 1170 fuit
603 1127 711 1184 auctor,
730 1134 859 1180 amorem

90 1189 124 1237 ln
138 1193 251 1236 teneros
264 1186 417 1240 transferre
432 1203 539 1238 mares:
555 1187 690 1255 vcitraque
704 1188 851 1240 iuventam
930 1230 939 1252 s

90 1255 196 1305 Aetatis
208 1254 294 1308 breve
306 1272 362 1316 ver,
382 1265 410 1307 et
423 1256 529 1323 primos
542 1273 657 1325 carpere
676 1256 771 1308 flores.
910 1259 913 1263 '

125 1322 209 1374 Collis
220 1333 289 1389 erat,
306 1324 466 1394 collemque
479 1342 563 1393 super
575 1326 737 1396 planissima
750 1325 843 1394 campi

89 1395 170 1457 Area,
213 1410 277 1443 uarn
283 1394 400 1446 viridem
406 1395 547 1446 faciebant
561 1395 695 1466 graminis
706 1395 820 1447 herbae.

90 1410 269 1513 Umbraloco
281 1462 385 1516 deerat.
426 1468 485 1525 Qua
490 1474 639 1534 postquam
653 1464 842 1533 parteresedit

88 1533 136 1582 Dis
147 1530 258 1601 genitus
270 1541 357 1597 vates,
376 1541 405 1586 et
418 1532 467 1584 fila
478 1534 606 1586 sonantia
622 1535 725 1598 movit3

87 1602 196 1653 Umbra
207 1600 369 1655 loco'venit.
404 1605 467 1656 Non
483 1604 600 1668 Chaonis
612 1604 703 1656 abluit
719 1604 810 1670 arbos,

69 1672 257 1721 ‘Nonnemus
274 1672 431 1735 Heliadum,
449 1690 506 1723 non
519 1672 667 1726 frondibus
681 1672 805 1725 aesculos
821 1672 894 1744 altis,
961 1683 969 1690 “

85 1741 145 1790 Nec
158 1740 235 1791 tiliae
250 1742 429 1806 mellea-nec
444 1741 534 1811 fagus,
554 1742 700 1794 et.innuba
716 1742 822 1810 laurus,

84 1810 120 1859 Et
133 1808 223 1876 coryli
235 1809 359 1879 fragiles,
378 1821 405 1863 et
415 1812 539 1863 fraxinus
555 1812 630 1862 utilis
642 1812 738 1877 hastis,

84 1878 245 1950 Enodisque
256 1880 339 1940 abies,
359 1890 527 1948 curvataque
539 1880 687 1950 glandibus
701 1881 766 1947 ilex,

83 1949 118 1998 Et
129 1947 257 2015 platanus
269 1943 399 2018 genialis,
420 1966 542 2018 acerque
556 1949 698 2002 coloribus
710 1951 813 2017 impar,

83 2016 303 2085 amnicolaeque
316 2018 399 2069 simul
412 2019 520 2085 salices,
543 2028 571 2070 et
582 2020 711 2090 aquatica
726 2019 810 2085 lotos,

82 2086 278 2155 Perpetuoque
289 2088 381 2138 virens
392 2089 489 2153 buxus,
506 2097 659 2157 tenuesque
677 2088 810 2158 myricae,

82 2158 116 2206 Et
128 2155 238 2207 bicolor
253 2166 368 2224 myrtus,
387 2165 415 2209 et
428 2157 521 2208 baccis
539 2158 653 2223 caerula
664 2159 746 2211 tinus.

81 2227 137 2277 Vos
153 2241 265 2294 quoque
278 2226 428 2295 flexipedes
440 2226 559 2279 hederae
578 2227 698 2291 venistis,
716 2236 745 2279 et
756 2244 813 2284 una

81 2295 250 2362 Pampineae
260 2298 339 2359 vites,
358 2305 386 2347 et
399 2296 519 2354 amictae
530 2298 629 2350 vitibus
642 2296 729 2351 ulmi:
783 2339 786 2344 .

81 2364 214 2432 ornique,
235 2373 262 2416 et
274 2366 379 2433 piceae,
398 2383 539 2435 pomoque
552 2375 667 2419 onerata
681 2363 793 2419 rubenti
837 2391 845 2404 ·

80 2433 217 2497 arbutus,
243 2443 270 2485 et
285 2435 387 2499 lentae,
403 2436 517 2487 victoris
528 2437 661 2503 praemia,
683 2436 810 2505 palmae3

79 2505 114 2553 Et
128 2504 273 2554 succincta
287 2521 393 2563 cernas,
419 2505 581 2572 hirsutaque
592 2505 698 2557 vertice
711 2506 802 2573 pinus,

79 2573 162 2622 Crata
173 2572 258 2623 deum
270 2574 370 2625 matri:
395 2574 533 2642 siquidem
548 2574 692 2641 Cybeleius
708 2574 779 2625 Attis

77 2642 158 2692 Exuit
171 2641 226 2693 hac
240 2642 393 2705 hominem,
410 2652 569 2711 truncoque
582 2642 708 2694 induruit
725 2642 784 2695 illo.

111 2711 209 2761 Adfuit
223 2711 288 2763 buic
304 2713 412 2776 turbae,
430 2721 519 2763 metas
537 2712 655 2778 imitata,
674 2728 828 2783 cupressus,

76 2781 158 2831 Nunc
171 2781 265 2847 arbor,
283 2798 353 2850 puer
367 2791 431 2833 ante
447 2780 499 2833 deo
513 2780 630 2834 dilectus
643 2781 678 2832 ab
691 2780 751 2847 illo,

77 2850 132 2911 Qui
147 2849 285 2902 citharam
298 2852 399 2915 nervis,
413 2860 441 2902 at
454 2852 543 2903 nervis
554 2859 695 2919 temperat
706 2868 795 2905 arcus.
842 2897 848 2916 ,

74 2921 206 2987 Namque
219 2937 298 2971 sacer
308 2920 440 2989 Nymphis
454 2920 587 2972 Carthaea
598 2921 754 2973 tenentibus
772 2939 839 2977 arva

74 2990 280 3058 lngen‘scervus
300 3000 376 3041 erat:
398 2990 510 3059 lateque
523 2990 680 3059 patentibus
699 2990 768 3046 altas

74 3060 136 3124 Ipse
149 3075 200 3109 suo
214 3059 299 3125 capiti
312 3060 466 3127 praebebat
479 3062 610 3112 cornibus
627 3061 754 3113 umbras:
849 3099 853 3106 ,

75 3128 186 3178 Cornua
203 3128 351 3197 fulgebant
367 3146 453 3181 auro:
480 3130 654 3199 demissaque
669 3129 697 3181 in
713 3147 806 3184 arram

72 3196 237 3247 Pendebant
248 3199 328 3249 tereti
342 3208 483 3269 geminata
495 3199 611 3250 monilia
625 3199 709 3253 collo.

73 3265 152 3317 Ralla
164 3283 249 3333 super
262 3267 386 3319 frontem
396 3269 488 3337 parvis
501 3278 633 3338 argentea
649 3267 716 3320 loris

72 3334 174 3388 Vincta
184 3336 364 3405 movebatur,
389 3338 667 3409 parilesqueex-acra
681 3336 809 3390 uitebm
