2350 3834
226 231 696 308 ‚uacauoaeavosaou
716 237 797 296 ma.
819 223 865 297 κ’
956 243 1015 309 181

64 384 199 450 Ossaque,
218 377 396 444 remiserint,
413 387 677 449 penetrattremort
695 382 814 458 illicque
825 394 897 446 toto·

62 451 180 503 Vertice
193 448 311 501 canities
320 449 416 519 rigidis
427 451 504 503 stetit
517 450 590 503 hirta
603 452 718 522 capillis.
842 513 844 518 ,
966 462 1022 520 425

26 549 30 554 x
63 519 223 587 Multaque,
240 526 273 569 ut
286 527 430 571 excuteret
443 519 526 586 diros,
543 519 567 571 si
582 529 684 589 posset,
703 539 814 579 amores

62 587 189 640 Addidit.
214 592 250 639 At
263 586 341 657 virgo
354 588 406 640 scit
419 604 449 639 se
463 606 522 640 non
535 588 607 641 falsa
620 592 739 658 moueri,

63 659 150 709 Certa
162 657 237 709 mori
247 666 343 709 tamen
357 666 408 723 est,
426 657 450 708 si
462 675 520 710 non
534 658 660 726 potiatur
670 669 775 718 amato.

63 726 144 791 Vive,
164 726 203 777 ait
215 726 296 791 haec,
312 726 420 794 potiere
432 735 500 792 tuo;
517 744 576 779 non
589 744 665 795 ausa,
683 738 809 799 parente,

63 795 177 862 Dicere,
194 795 345 848 conticuit:
360 796 553 864 promissaque
563 796 680 849 numine
695 797 799 853 firmat.
965 803 1019 861 480
1098 867 1099 872 ¹

63 867 149 916 Festa
162 864 225 933 piae
240 863 346 915 Cereris
360 864 541 917 celebrabant
553 881 646 917 annua
660 874 765 920 matres

63 933 137 1001 Illas
147 934 246 1003 quibus
258 932 340 987 nivea
352 933 461 985 velatae
477 950 601 1002 corpora&
612 943 688 986 veste

63 1002 206 1054 Primitiae
220 1002 335 1072 frugum
349 1001 425 1071 dant,
443 1004 536 1071 spicea
547 1010 632 1068 serta,
650 997 778 1083 suarum:

63 1073 175 1140 Perque
187 1088 289 1123 norem
301 1078 400 1123 noctes
422 1074 560 1123 Venerem
573 1080 721 1142 tactusque
737 1070 831 1125 viriles

63 1143 98 1191 Iri
109 1139 200 1192 vetitis
212 1149 374 1198 numerant.
397 1141 491 1192 Turba
502 1140 649 1192 Cenchreis
662 1141 691 1191 in
703 1140 753 1194 illa
963 1142 1018 1203 435

63 1210 149 1279 Regis
165 1206 243 1261 abest
256 1209 364 1275 coniux,
383 1225 542 1279 arcanaque
557 1227 637 1262 sacra
650 1208 818 1280 frequentat.
966 1225 969 1232 ·

62 1280 140 1349 Ergo
154 1278 281 1349 legitima
291 1294 394 1330 vacuus
409 1277 476 1330 daun
488 1278 553 1330 coni
591 1277 719 1345 electus,

62 1349 156 1399 Nacta
168 1365 286 1418 gravem
295 1348 361 1400 vino
381 1348 509 1416 Cinyram
524 1365 570 1399 ma
583 1364 599 1401 e
617 1346 713 1401 sedula
724 1347 826 1417 nutrix,
850 1365 859 1374 “

62 1415 187 1468 Nomine
198 1417 327 1482 mentito,
344 1434 425 1469 veros
437 1416 550 1498 exponit
560 1433 679 1486 amores,
847 1458 848 1461 ,
900 1469 904 1483 q
949 1475 953 1484 ³

62 1486 99 1537 Et
109 1485 214 1538 faciem
228 1486 335 1538 laudat.
361 1486 495 1550 Quaesitis
511 1486 624 1558 uirginis
640 1486 730 1553 anuis,
963 1488 1018 1548 440

61 1556 127 1621 Par,
146 1555 194 1621 ait,
213 1564 254 1607 est
268 1555 405 1625 Myrrhae.
424 1560 515 1620 Quam
525 1564 674 1626 postquam
688 1555 828 1611 adducere
840 1555 914 1614 iussa
928 1565 979 1630 ut,

61 1627 158 1692 thue
171 1624 287 1678 domum
298 1625 390 1692 rediit,
408 1626 504 1678 Gaude
517 1641 591 1693 mea,
609 1624 686 1691 dixit,
704 1624 833 1682 amnne:

60 1692 197 1747 Vicimus.
221 1694 321 1747 Infelix
332 1711 390 1746 non
400 1703 461 1746 toto
474 1711 592 1763 corpore
605 1693 689 1745 sentit

60 1761 214 1815 Laetitiam
226 1763 316 1834 virgo,
334 1780 524 1833 praesagaque
535 1771 652 1831 pectora
667 1771 804 1819 moerent.

62 1831 121 1884 Sed
132 1840 230 1884 tamen
245 1840 275 1885 et
286 1833 400 1903 gaudet:
418 1841 498 1884 tanta
509 1839 553 1883 est
563 1830 701 1884 discordia
712 1833 821 1888 mentis.
863 1877 864 1880 η
962 1835 1016 1894 445

60 1903 186 1969 Tempus
199 1909 270 1969 erat,
288 1919 344 1971 quo
361 1910 462 1953 cuncta
471 1900 562 1968 silent,
579 1901 709 1970 interque
722 1900 837 1956 Triones

60 1969 193 2021 Flexerat
203 1971 318 2040 obliquo
331 1970 487 2050 plaustrum
498 1978 612 2021 temone
624 1972 737 2023 Booten

60 2038 105 2090 Ad
119 2038 230 2092 facinus
241 2039 318 2091 venit
330 2039 380 2091 1lla
390 2056 479 2091 suum.
497 2038 579 2108 Fugit
590 2054 674 2091 aurea
689 2038 769 2092 coelo

51 2110 158 2172 Luna:
174 2116 274 2179 tegunt
286 2108 385 2178 nigrae
400 2107 539 2159 latitantia
551 2106 644 2159 sidera
655 2108 760 2172 nuhes;
811 2106 813 2110 ’

60 2179 126 2230 Nor
139 2185 218 2229 caret
229 2177 295 2248 igne
309 2194 372 2230 suo:
390 2176 495 2245 primos
510 2175 590 2257 tegis,
606 2179 694 2244 Icare,
711 2176 811 2246 viduis,
959 2181 1016 2241 450

60 2247 241 2326 Erigoneque
272 2248 301 2297 io
314 2254 423 2314 sacrata
438 2254 562 2315 parentu
575 2262 683 2299 amore.
842 2257 845 2268 '
974 2276 977 2280 ν

60 2317 120 2367 Ter
133 2315 214 2383 pedis
227 2332 244 2367 o
266 2315 327 2367 ensi
340 2316 362 2366 si
381 2332 419 2367 no
434 2324 476 2367 est
486 2323 631 2368 revocata:
649 2323 694 2368 ter
705 2330 790 2368 omen

61 2385 205 2440 Funerem
216 2385 292 2436 bubo
309 2383 336 2437 le
376 2386 386 2436 i
401 2384 526 2437 carmine
538 2384 623 2437 fecit„

60 2456 88 2504 It
101 2461 214 2505 tamen:
233 2462 261 2505 et
271 2454 390 2506 tenebre
402 2455 541 2520 minuunt,
557 2467 669 2521 noxque
683 2458 745 2502 atra
757 2451 911 2520 pudorem

60 2521 243 2601 Nutricisque
256 2539 373 2574 manum
387 2523 467 2575 laeva
479 2529 573 2582 tenet3
591 2520 680 2574 altera
692 2527 773 2571 motu
815 2575 818 2584 k
876 2571 880 2578 ,
959 2522 1013 2582 455

61 2592 186 2642 Caecum
196 2599 251 2643 iter
264 2592 399 2661 explorat.
415 2591 543 2643 Thalami
552 2591 611 2642 iam
621 2585 721 2640 limina
731 2588 830 2660 tangit,
1007 2621 1009 2624 -

60 2663 180 2739 Iamque
194 2658 270 2712 fores
284 2661 382 2729 aperit,
398 2660 456 2712 iam
467 2660 579 2712 ducitur
592 2660 680 2710 intus:
699 2656 784 2709 atilli

59 2728 171 2797 Pophte
182 2728 315 2782 succiduo
330 2747 421 2801 genua
432 2730 620 2793 intremuere;
637 2724 766 2795 fugitque

59 2799 96 2849 Et
112 2797 203 2867 color,
219 2807 249 2850 et
262 2800 387 2869 sanguis:
405 2798 569 2867 animusque
585 2795 720 2865 relinquit
734 2802 855 2854 euntem.

60 2870 183 2947 Quoque
195 2884 246 2920 suo
256 2869 372 2937 propior
384 2867 492 2933 sceleri,
509 2866 596 2937 magis
608 2866 713 2930 horret,
732 2874 760 2917 et
767 2865 830 2919 ausi
943 2867 1012 2932 Ι460
1035 2901 1038 2909 ι

58 2937 202 3003 Poemtet,
216 2944 246 2989 et
261 2937 345 2990 vellet
353 2954 410 2990 non
425 2936 538 3008 cognita
572 2952 631 2988 osse
645 2933 756 2989 reverti.

59 3007 248 3058 Cunctantem
261 3006 494 3078 longaevamanu
510 2953 631 3074 deducit,
649 3002 747 3056 etalto
848 3061 856 3068 ἢ

58 3075 214 3127 Admotum
225 3074 302 3127 lecto
318 3093 382 3128 cum
394 3074 525 3141 traderet,
542 3073 655 3142 Accipe,
672 3070 756 3139 dixit3

58 3147 117 3196 Ista
129 3153 180 3196 tua
193 3151 244 3209 est,
261 3145 375 3214 Cinyra3
393 3143 547 3214 devotaque
561 3158 681 3214 corpora
691 3140 790 3202 irmxit.
1042 3201 1047 3213 Ι

58 3213 172 3293 Accipit
186 3213 326 3267 obscoeno
339 3214 501 3285 genitorsua
514 3210 720 3282 visceralem,
749 3211 752 3215 ”
955 3204 1007 3267 465

58 3283 265 3353 virgineosque
277 3293 368 3336 metus
380 3283 462 3349 levat,
479 3281 661 3361 hortaturque
672 3279 829 3331 timentem.

59 3352 191 3404 Forsitan
202 3352 298 3408 aetatis
312 3368 424 3424 puoque
435 3350 558 3420 nomine,
574 3349 653 3417 Filia,
671 3347 759 3401 dicat:

104 3442 182 3485 οπο.
203 3429 240 3484 Π.
