<?xml version="1.0" encoding="UTF-8"?>
<!DOCTYPE html PUBLIC "-//W3C//DTD XHTML 1.0 Transitional//EN"
    "http://www.w3.org/TR/xhtml1/DTD/xhtml1-transitional.dtd">
<html xmlns="http://www.w3.org/1999/xhtml" xml:lang="en" lang="en">
 <head>
  <title>
</title>
<meta http-equiv="Content-Type" content="text/html;charset=utf-8" />
  <meta name='ocr-system' content='tesseract 3.04.00' />
  <meta name='ocr-capabilities' content='ocr_page ocr_carea ocr_par ocr_line ocrx_word'/>
</head>
<body>
  <div class='ocr_page' id='page_1' title='image "./operaomnia03ovidgoog/operaomnia03ovidgoog_0256.png"; bbox 0 0 2350 3834; ppageno 0'>
   <div class='ocr_carea' id='block_1_1' title="bbox 144 190 834 287">
    <p class='ocr_par' dir='ltr' id='par_1_1' title="bbox 144 190 834 287">
     <span class='ocr_line' id='line_1_1' title="bbox 144 190 834 287; baseline -0.02 -2"><span class='ocrx_word' id='word_1_1' title='bbox 144 217 210 287; x_wconf 76' lang='lat' dir='ltr'>ala</span> <span class='ocrx_word' id='word_1_2' title='bbox 407 221 438 274; x_wconf 74' lang='grc' dir='ltr'>Ρ.</span> <span class='ocrx_word' id='word_1_3' title='bbox 461 214 615 273; x_wconf 79' lang='lat' dir='ltr'>ovum</span> <span class='ocrx_word' id='word_1_4' title='bbox 642 190 834 271; x_wconf 76' lang='lat' dir='ltr'>ussurus</span> 
     </span>
    </p>
   </div>
   <div class='ocr_carea' id='block_1_2' title="bbox 84 359 1083 3427">
    <p class='ocr_par' dir='ltr' id='par_1_2' title="bbox 84 359 1083 3427">
     <span class='ocr_line' id='line_1_2' title="bbox 213 359 1002 428; baseline -0.013 -7"><span class='ocrx_word' id='word_1_5' title='bbox 213 369 278 421; x_wconf 85' lang='lat' dir='ltr'>Mox</span> <span class='ocrx_word' id='word_1_6' title='bbox 292 366 392 420; x_wconf 86' lang='lat' dir='ltr'>eedem</span> <span class='ocrx_word' id='word_1_7' title='bbox 403 365 525 417; x_wconf 81' lang='lat' dir='ltr'>Teucras</span> <span class='ocrx_word' id='word_1_8' title='bbox 539 362 634 414; x_wconf 81' lang='lat' dir='ltr'>iuerat</span> <span class='ocrx_word' id='word_1_9' title='bbox 646 377 773 413; x_wconf 87' lang='lat' dir='ltr'>mersura</span> <span class='ocrx_word' id='word_1_10' title='bbox 786 359 905 428; x_wconf 82' lang='lat' dir='ltr'>carinas,</span> <span class='ocrx_word' id='word_1_11' title='bbox 1000 402 1002 405; x_wconf 95' lang='lat'>.</span> 
     </span>
     <span class='ocr_line' id='line_1_3' title="bbox 214 432 1047 553; baseline -0.007 -64"><span class='ocrx_word' id='word_1_12' title='bbox 214 437 250 490; x_wconf 84' lang='lat' dir='ltr'>Ni</span> <span class='ocrx_word' id='word_1_13' title='bbox 262 437 339 506; x_wconf 86' lang='lat' dir='ltr'>prius</span> <span class='ocrx_word' id='word_1_14' title='bbox 350 436 382 487; x_wconf 88' lang='lat' dir='ltr'>iu</span> <span class='ocrx_word' id='word_1_15' title='bbox 394 432 550 553; x_wconf 78' lang='lat' dir='ltr'>scopulum,</span> <span class='ocrx_word' id='word_1_16' title='bbox 570 432 618 501; x_wconf 93' lang='lat' dir='ltr'>qui</span> <span class='ocrx_word' id='word_1_17' title='bbox 631 449 706 483; x_wconf 88' lang='lat' dir='ltr'>nunc</span> <span class='ocrx_word' id='word_1_18' title='bbox 719 447 832 500; x_wconf 89' lang='lat' dir='ltr'>quoque</span> <span class='ocrx_word' id='word_1_19' title='bbox 844 447 942 484; x_wconf 83' lang='lat' dir='ltr'>saxeus</span> <span class='ocrx_word' id='word_1_20' title='bbox 956 439 1047 500; x_wconf 80' lang='lat' dir='ltr'>exstat,</span> 
     </span>
     <span class='ocr_line' id='line_1_4' title="bbox 213 501 1012 570; baseline -0.008 -11"><span class='ocrx_word' id='word_1_21' title='bbox 213 506 425 559; x_wconf 84' lang='lat' dir='ltr'>Transformate</span> <span class='ocrx_word' id='word_1_22' title='bbox 450 510 526 568; x_wconf 80' lang='lat' dir='ltr'>oret3</span> <span class='ocrx_word' id='word_1_23' title='bbox 543 501 692 570; x_wconf 86' lang='lat' dir='ltr'>scopulum</span> <span class='ocrx_word' id='word_1_24' title='bbox 704 517 816 570; x_wconf 87' lang='lat' dir='ltr'>quoque</span> <span class='ocrx_word' id='word_1_25' title='bbox 829 501 921 553; x_wconf 71' lang='lat' dir='ltr'>nerito</span> <span class='ocrx_word' id='word_1_26' title='bbox 933 501 1012 554; x_wconf 82' lang='lat' dir='ltr'>vitat.</span> 
     </span>
     <span class='ocr_line' id='line_1_5' title="bbox 162 567 1083 639; baseline -0.005 -9"><span class='ocrx_word' id='word_1_27' title='bbox 162 574 196 632; x_wconf 77' lang='lat'>75</span> <span class='ocrx_word' id='word_1_28' title='bbox 247 578 325 627; x_wconf 81' lang='lat' dir='ltr'>Hanc</span> <span class='ocrx_word' id='word_1_29' title='bbox 340 569 388 626; x_wconf 77' lang='lat' dir='ltr'>ubi</span> <span class='ocrx_word' id='word_1_30' title='bbox 400 572 537 625; x_wconf 86' lang='lat' dir='ltr'>Troianae</span> <span class='ocrx_word' id='word_1_31' title='bbox 547 571 641 636; x_wconf 89' lang='lat' dir='ltr'>remis,</span> <span class='ocrx_word' id='word_1_32' title='bbox 656 571 819 639; x_wconf 82' lang='lat' dir='ltr'>avidamque</span> <span class='ocrx_word' id='word_1_33' title='bbox 830 569 991 639; x_wconf 72' lang='lat' dir='ltr'>Charybdin</span> <span class='ocrx_word' id='word_1_34' title='bbox 1080 567 1083 574; x_wconf 53' lang='lat'><strong>⁴</strong></span> 
     </span>
     <span class='ocr_line' id='line_1_6' title="bbox 213 639 912 760; baseline -0.007 -63"><span class='ocrx_word' id='word_1_35' title='bbox 213 643 327 698; x_wconf 88' lang='lat' dir='ltr'>Evicere</span> <span class='ocrx_word' id='word_1_36' title='bbox 339 651 426 694; x_wconf 87' lang='lat' dir='ltr'>rates:</span> <span class='ocrx_word' id='word_1_37' title='bbox 443 658 510 693; x_wconf 89' lang='lat' dir='ltr'>cum</span> <span class='ocrx_word' id='word_1_38' title='bbox 523 641 581 692; x_wconf 88' lang='lat' dir='ltr'>iarn</span> <span class='ocrx_word' id='word_1_39' title='bbox 592 655 680 760; x_wconf 87' lang='lat' dir='ltr'>prope</span> <span class='ocrx_word' id='word_1_40' title='bbox 694 639 772 706; x_wconf 79' lang='lat' dir='ltr'>littus</span> <span class='ocrx_word' id='word_1_41' title='bbox 784 639 912 692; x_wconf 79' lang='lat' dir='ltr'><strong>adessent</strong></span> 
     </span>
     <span class='ocr_line' id='line_1_7' title="bbox 211 709 910 778; baseline -0.004 -13"><span class='ocrx_word' id='word_1_42' title='bbox 211 713 373 778; x_wconf 84' lang='lat' dir='ltr'>Ausonium,</span> <span class='ocrx_word' id='word_1_43' title='bbox 386 711 503 778; x_wconf 82' lang='lat' dir='ltr'>Libycas</span> <span class='ocrx_word' id='word_1_44' title='bbox 514 717 598 762; x_wconf 88' lang='lat' dir='ltr'>vento</span> <span class='ocrx_word' id='word_1_45' title='bbox 611 726 643 761; x_wconf 89' lang='lat' dir='ltr'>re</span> <span class='ocrx_word' id='word_1_46' title='bbox 657 717 773 760; x_wconf 87' lang='lat' dir='ltr'>eruntur</span> <span class='ocrx_word' id='word_1_47' title='bbox 786 709 822 759; x_wconf 89' lang='lat' dir='ltr'>ad</span> <span class='ocrx_word' id='word_1_48' title='bbox 838 725 910 762; x_wconf 85' lang='lat' dir='ltr'>oras.</span> 
     </span>
     <span class='ocr_line' id='line_1_8' title="bbox 212 778 849 858; baseline -0.011 -23"><span class='ocrx_word' id='word_1_49' title='bbox 212 778 321 852; x_wconf 81' lang='lat' dir='ltr'>Excipit</span> <span class='ocrx_word' id='word_1_50' title='bbox 332 786 443 833; x_wconf 79' lang='lat' dir='ltr'>Aenean</span> <span class='ocrx_word' id='word_1_51' title='bbox 454 779 513 832; x_wconf 92' lang='lat' dir='ltr'>illic</span> <span class='ocrx_word' id='word_1_52' title='bbox 527 779 686 858; x_wconf 83' lang='lat' dir='ltr'>animoque,</span> <span class='ocrx_word' id='word_1_53' title='bbox 699 778 849 847; x_wconf 86' lang='lat' dir='ltr'>domoque,</span> 
     </span>
     <span class='ocr_line' id='line_1_9' title="bbox 213 847 870 917; baseline -0.009 -14"><span class='ocrx_word' id='word_1_54' title='bbox 213 853 277 903; x_wconf 89' lang='lat' dir='ltr'>Non</span> <span class='ocrx_word' id='word_1_55' title='bbox 290 851 362 903; x_wconf 90' lang='lat' dir='ltr'>bene</span> <span class='ocrx_word' id='word_1_56' title='bbox 376 849 524 902; x_wconf 81' lang='lat' dir='ltr'>discidium</span> <span class='ocrx_word' id='word_1_57' title='bbox 534 849 646 917; x_wconf 73' lang='lat' dir='ltr'>Phrygis</span> <span class='ocrx_word' id='word_1_58' title='bbox 659 847 751 898; x_wconf 88' lang='lat' dir='ltr'>latura</span> <span class='ocrx_word' id='word_1_59' title='bbox 766 847 870 914; x_wconf 80' lang='lat' dir='ltr'>mariti,</span> 
     </span>
     <span class='ocr_line' id='line_1_10' title="bbox 84 916 892 1038; baseline -0.007 -65"><span class='ocrx_word' id='word_1_60' title='bbox 84 974 89 989; x_wconf 65' lang='lat'>,</span> <span class='ocrx_word' id='word_1_61' title='bbox 162 921 198 976; x_wconf 77' lang='lat'>80</span> <span class='ocrx_word' id='word_1_62' title='bbox 215 920 337 973; x_wconf 80' lang='lat' dir='ltr'>Sidonis:</span> <span class='ocrx_word' id='word_1_63' title='bbox 350 921 435 988; x_wconf 89' lang='lat' dir='ltr'>inque</span> <span class='ocrx_word' id='word_1_64' title='bbox 444 935 514 1038; x_wconf 60' lang='lat' dir='ltr'>pqra</span> <span class='ocrx_word' id='word_1_65' title='bbox 528 917 600 970; x_wconf 88' lang='lat' dir='ltr'>sacri</span> <span class='ocrx_word' id='word_1_66' title='bbox 615 917 667 968; x_wconf 91' lang='lat' dir='ltr'>sub</span> <span class='ocrx_word' id='word_1_67' title='bbox 680 916 802 986; x_wconf 84' lang='lat' dir='ltr'>imagine</span> <span class='ocrx_word' id='word_1_68' title='bbox 814 916 892 972; x_wconf 84' lang='lat' dir='ltr'>facta</span> 
     </span>
     <span class='ocr_line' id='line_1_11' title="bbox 214 986 865 1056; baseline -0.003 -16"><span class='ocrx_word' id='word_1_69' title='bbox 214 990 343 1042; x_wconf 83' lang='lat' dir='ltr'>Incubuit</span> <span class='ocrx_word' id='word_1_70' title='bbox 356 989 443 1055; x_wconf 79' lang='lat' dir='ltr'>ferro,</span> <span class='ocrx_word' id='word_1_71' title='bbox 479 995 631 1056; x_wconf 83' lang='lat' dir='ltr'>cceptaque</span> <span class='ocrx_word' id='word_1_72' title='bbox 643 986 747 1055; x_wconf 84' lang='lat' dir='ltr'>decipit</span> <span class='ocrx_word' id='word_1_73' title='bbox 760 1001 865 1038; x_wconf 86' lang='lat' dir='ltr'>omnes.</span> 
     </span>
     <span class='ocr_line' id='line_1_12' title="bbox 211 1055 910 1137; baseline -0.009 -26"><span class='ocrx_word' id='word_1_74' title='bbox 211 1061 314 1111; x_wconf 82' lang='lat' dir='ltr'>Rursus</span> <span class='ocrx_word' id='word_1_75' title='bbox 327 1070 460 1110; x_wconf 77' lang='lat' dir='ltr'>arenosae</span> <span class='ocrx_word' id='word_1_76' title='bbox 471 1057 581 1137; x_wconf 72' lang='lat' dir='ltr'>lugiens</span> <span class='ocrx_word' id='word_1_77' title='bbox 594 1072 668 1107; x_wconf 86' lang='lat' dir='ltr'>nova</span> <span class='ocrx_word' id='word_1_78' title='bbox 682 1055 795 1109; x_wconf 87' lang='lat' dir='ltr'>moenia</span> <span class='ocrx_word' id='word_1_79' title='bbox 807 1063 910 1119; x_wconf 78' lang='lat' dir='ltr'>terrae,</span> 
     </span>
     <span class='ocr_line' id='line_1_13' title="bbox 213 1124 965 1196; baseline -0.004 -17"><span class='ocrx_word' id='word_1_80' title='bbox 213 1128 254 1180; x_wconf 92' lang='lat' dir='ltr'>Ad</span> <span class='ocrx_word' id='word_1_81' title='bbox 268 1128 418 1196; x_wconf 89' lang='lat' dir='ltr'>sedemque</span> <span class='ocrx_word' id='word_1_82' title='bbox 431 1130 525 1195; x_wconf 80' lang='lat' dir='ltr'>Erycis</span> <span class='ocrx_word' id='word_1_83' title='bbox 539 1125 683 1195; x_wconf 80' lang='lat' dir='ltr'>fidumque</span> <span class='ocrx_word' id='word_1_84' title='bbox 696 1124 800 1176; x_wconf 87' lang='lat' dir='ltr'>relatus</span> <span class='ocrx_word' id='word_1_85' title='bbox 813 1128 932 1176; x_wconf 89' lang='lat' dir='ltr'>Acesten</span> <span class='ocrx_word' id='word_1_86' title='bbox 958 1128 965 1135; x_wconf 85' lang='lat'>&#39;</span> 
     </span>
     <span class='ocr_line' id='line_1_14' title="bbox 212 1193 918 1264; baseline -0.004 -15"><span class='ocrx_word' id='word_1_87' title='bbox 212 1198 365 1264; x_wconf 77' lang='lat' dir='ltr'>sacrificat,</span> <span class='ocrx_word' id='word_1_88' title='bbox 380 1196 575 1264; x_wconf 87' lang='lat' dir='ltr'>tumulumque</span> <span class='ocrx_word' id='word_1_89' title='bbox 587 1194 632 1246; x_wconf 91' lang='lat' dir='ltr'>sui</span> <span class='ocrx_word' id='word_1_90' title='bbox 641 1194 774 1264; x_wconf 82' lang='lat' dir='ltr'>genitoris</span> <span class='ocrx_word' id='word_1_91' title='bbox 788 1193 918 1246; x_wconf 86' lang='lat' dir='ltr'>honorat.</span> 
     </span>
     <span class='ocr_line' id='line_1_15' title="bbox 161 1263 881 1337; baseline -0.013 -15"><span class='ocrx_word' id='word_1_92' title='bbox 161 1265 196 1322; x_wconf 80' lang='lat'>8⁵</span> <span class='ocrx_word' id='word_1_93' title='bbox 214 1271 342 1337; x_wconf 86' lang='lat' dir='ltr'>Quasque</span> <span class='ocrx_word' id='word_1_94' title='bbox 356 1274 429 1318; x_wconf 85' lang='lat' dir='ltr'>retes</span> <span class='ocrx_word' id='word_1_95' title='bbox 444 1265 494 1316; x_wconf 89' lang='lat' dir='ltr'>Iris</span> <span class='ocrx_word' id='word_1_96' title='bbox 505 1263 622 1316; x_wconf 83' lang='lat' dir='ltr'>Iunonia</span> <span class='ocrx_word' id='word_1_97' title='bbox 632 1279 720 1333; x_wconf 87' lang='lat' dir='ltr'>paene</span> <span class='ocrx_word' id='word_1_98' title='bbox 732 1270 881 1328; x_wconf 84' lang='lat' dir='ltr'>cremarat,</span> 
     </span>
     <span class='ocr_line' id='line_1_16' title="bbox 214 1329 957 1404; baseline -0.003 -17"><span class='ocrx_word' id='word_1_99' title='bbox 214 1335 313 1387; x_wconf 81' lang='lat' dir='ltr'>Solvit:</span> <span class='ocrx_word' id='word_1_100' title='bbox 326 1344 354 1387; x_wconf 89' lang='lat' dir='ltr'>et</span> <span class='ocrx_word' id='word_1_101' title='bbox 366 1333 540 1403; x_wconf 80' lang='lat' dir='ltr'>Hippotadae</span> <span class='ocrx_word' id='word_1_102' title='bbox 551 1348 681 1404; x_wconf 78' lang='lat' dir='ltr'>regnum,</span> <span class='ocrx_word' id='word_1_103' title='bbox 698 1341 843 1402; x_wconf 71' lang='lat' dir='ltr'>terresque</span> <span class='ocrx_word' id='word_1_104' title='bbox 854 1329 957 1385; x_wconf 83' lang='lat' dir='ltr'>calenti</span> 
     </span>
     <span class='ocr_line' id='line_1_17' title="bbox 212 1398 935 1473; baseline -0.008 -17"><span class='ocrx_word' id='word_1_105' title='bbox 212 1404 351 1473; x_wconf 77' lang='lat' dir='ltr'>Sulphure</span> <span class='ocrx_word' id='word_1_106' title='bbox 365 1404 512 1469; x_wconf 86' lang='lat' dir='ltr'>fumantes,</span> <span class='ocrx_word' id='word_1_107' title='bbox 528 1402 784 1471; x_wconf 77' lang='lat' dir='ltr'>Acheloiadumque</span> <span class='ocrx_word' id='word_1_108' title='bbox 799 1398 935 1471; x_wconf 82' lang='lat' dir='ltr'>relinquit</span> 
     </span>
     <span class='ocr_line' id='line_1_18' title="bbox 132 1471 903 1540; baseline -0.005 -16"><span class='ocrx_word' id='word_1_109' title='bbox 132 1509 138 1524; x_wconf 86' lang='grc'><strong>.</strong></span> <span class='ocrx_word' id='word_1_110' title='bbox 211 1474 339 1526; x_wconf 83' lang='lat' dir='ltr'>Sirenum</span> <span class='ocrx_word' id='word_1_111' title='bbox 353 1471 499 1540; x_wconf 88' lang='lat' dir='ltr'>scopulos:</span> <span class='ocrx_word' id='word_1_112' title='bbox 514 1471 807 1540; x_wconf 84' lang='lat' dir='ltr'>orbataquepraeside</span> <span class='ocrx_word' id='word_1_113' title='bbox 821 1471 903 1539; x_wconf 87' lang='lat' dir='ltr'>pinus</span> 
     </span>
     <span class='ocr_line' id='line_1_19' title="bbox 212 1539 952 1611; baseline -0.005 -17"><span class='ocrx_word' id='word_1_114' title='bbox 212 1542 362 1606; x_wconf 83' lang='lat' dir='ltr'>Inarimen,</span> <span class='ocrx_word' id='word_1_115' title='bbox 374 1541 584 1610; x_wconf 79' lang='lat' dir='ltr'>Prochytenque</span> <span class='ocrx_word' id='word_1_116' title='bbox 596 1540 674 1611; x_wconf 81' lang='lat' dir='ltr'>legit,</span> <span class='ocrx_word' id='word_1_117' title='bbox 687 1540 830 1609; x_wconf 89' lang='lat' dir='ltr'>sterilique</span> <span class='ocrx_word' id='word_1_118' title='bbox 844 1539 952 1591; x_wconf 84' lang='lat' dir='ltr'>locatas</span> 
     </span>
     <span class='ocr_line' id='line_1_20' title="bbox 163 1609 899 1678; baseline -0.004 -12"><span class='ocrx_word' id='word_1_119' title='bbox 163 1611 200 1668; x_wconf 83' lang='lat'>90</span> <span class='ocrx_word' id='word_1_120' title='bbox 217 1611 292 1663; x_wconf 86' lang='lat' dir='ltr'>Colle</span> <span class='ocrx_word' id='word_1_121' title='bbox 305 1611 472 1678; x_wconf 85' lang='lat' dir='ltr'>Pithecusas,</span> <span class='ocrx_word' id='word_1_122' title='bbox 485 1609 663 1661; x_wconf 85' lang='lat' dir='ltr'>habitantum</span> <span class='ocrx_word' id='word_1_123' title='bbox 673 1609 788 1662; x_wconf 85' lang='lat' dir='ltr'>nornine</span> <span class='ocrx_word' id='word_1_124' title='bbox 801 1609 899 1663; x_wconf 81' lang='lat' dir='ltr'>dictas.</span> 
     </span>
     <span class='ocr_line' id='line_1_21' title="bbox 214 1675 1022 1750; baseline 0 -18"><span class='ocrx_word' id='word_1_125' title='bbox 214 1680 321 1750; x_wconf 87' lang='lat' dir='ltr'>Quippe</span> <span class='ocrx_word' id='word_1_126' title='bbox 341 1681 425 1732; x_wconf 81' lang='lat' dir='ltr'>deum</span> <span class='ocrx_word' id='word_1_127' title='bbox 438 1679 548 1750; x_wconf 82' lang='lat' dir='ltr'>genitor</span> <span class='ocrx_word' id='word_1_128' title='bbox 560 1678 689 1730; x_wconf 74' lang='lat' dir='ltr'>fraudem</span> <span class='ocrx_word' id='word_1_129' title='bbox 702 1687 730 1730; x_wconf 89' lang='lat' dir='ltr'>et</span> <span class='ocrx_word' id='word_1_130' title='bbox 742 1677 865 1747; x_wconf 72' lang='lat' dir='ltr'>periuria</span> <span class='ocrx_word' id='word_1_131' title='bbox 879 1675 1022 1747; x_wconf 72' lang='lat' dir='ltr'>quondam</span> 
     </span>
     <span class='ocr_line' id='line_1_22' title="bbox 212 1747 907 1819; baseline -0.006 -17"><span class='ocrx_word' id='word_1_132' title='bbox 212 1752 368 1818; x_wconf 83' lang='lat' dir='ltr'>Cercopum</span> <span class='ocrx_word' id='word_1_133' title='bbox 379 1766 484 1816; x_wconf 79' lang='lat' dir='ltr'>exosus,</span> <span class='ocrx_word' id='word_1_134' title='bbox 497 1749 643 1819; x_wconf 78' lang='lat' dir='ltr'>gentisque</span> <span class='ocrx_word' id='word_1_135' title='bbox 655 1747 775 1800; x_wconf 84' lang='lat' dir='ltr'>admissa</span> <span class='ocrx_word' id='word_1_136' title='bbox 785 1747 907 1814; x_wconf 81' lang='lat' dir='ltr'>dolosae,</span> 
     </span>
     <span class='ocr_line' id='line_1_23' title="bbox 210 1817 871 1881; baseline -0.005 -10"><span class='ocrx_word' id='word_1_137' title='bbox 210 1822 243 1871; x_wconf 93' lang='lat' dir='ltr'>ln</span> <span class='ocrx_word' id='word_1_138' title='bbox 257 1817 469 1881; x_wconf 41' lang='lat' dir='ltr'>deformexsiros</span> <span class='ocrx_word' id='word_1_139' title='bbox 489 1818 594 1869; x_wconf 83' lang='lat' dir='ltr'>animal</span> <span class='ocrx_word' id='word_1_140' title='bbox 606 1818 737 1869; x_wconf 82' lang='lat' dir='ltr'>mutavit:</span> <span class='ocrx_word' id='word_1_141' title='bbox 751 1825 783 1869; x_wconf 86' lang='lat' dir='ltr'>ut</span> <span class='ocrx_word' id='word_1_142' title='bbox 794 1817 871 1868; x_wconf 81' lang='lat' dir='ltr'>idem</span> 
     </span>
     <span class='ocr_line' id='line_1_24' title="bbox 211 1885 907 1956; baseline -0.004 -17"><span class='ocrx_word' id='word_1_143' title='bbox 211 1888 362 1943; x_wconf 82' lang='lat' dir='ltr'>Dissimiles</span> <span class='ocrx_word' id='word_1_144' title='bbox 375 1887 482 1939; x_wconf 90' lang='lat' dir='ltr'>homini</span> <span class='ocrx_word' id='word_1_145' title='bbox 496 1895 617 1956; x_wconf 75' lang='lat' dir='ltr'>possent,</span> <span class='ocrx_word' id='word_1_146' title='bbox 631 1886 791 1956; x_wconf 82' lang='lat' dir='ltr'>similesque</span> <span class='ocrx_word' id='word_1_147' title='bbox 801 1885 907 1951; x_wconf 81' lang='lat' dir='ltr'>videri3</span> 
     </span>
     <span class='ocr_line' id='line_1_25' title="bbox 159 1954 975 2028; baseline -0.006 -15"><span class='ocrx_word' id='word_1_148' title='bbox 159 1958 195 2020; x_wconf 82' lang='lat'>95</span> <span class='ocrx_word' id='word_1_149' title='bbox 211 1957 392 2028; x_wconf 86' lang='lat' dir='ltr'>Membraque</span> <span class='ocrx_word' id='word_1_150' title='bbox 408 1957 555 2022; x_wconf 82' lang='lat' dir='ltr'>contraxit,</span> <span class='ocrx_word' id='word_1_151' title='bbox 567 1971 707 2025; x_wconf 86' lang='lat' dir='ltr'>naresque</span> <span class='ocrx_word' id='word_1_152' title='bbox 721 1973 738 2007; x_wconf 88' lang='lat' dir='ltr'>a</span> <span class='ocrx_word' id='word_1_153' title='bbox 748 1956 843 2008; x_wconf 85' lang='lat' dir='ltr'>fronte</span> <span class='ocrx_word' id='word_1_154' title='bbox 857 1954 975 2008; x_wconf 83' lang='lat' dir='ltr'>resimas</span> 
     </span>
     <span class='ocr_line' id='line_1_26' title="bbox 212 2024 840 2097; baseline 0 -19"><span class='ocrx_word' id='word_1_155' title='bbox 212 2026 352 2094; x_wconf 78' lang='lat' dir='ltr'>Contudit,</span> <span class='ocrx_word' id='word_1_156' title='bbox 366 2034 394 2078; x_wconf 88' lang='lat' dir='ltr'>et</span> <span class='ocrx_word' id='word_1_157' title='bbox 404 2027 480 2097; x_wconf 78' lang='lat' dir='ltr'>rugis</span> <span class='ocrx_word' id='word_1_158' title='bbox 493 2025 635 2095; x_wconf 85' lang='lat' dir='ltr'>peraravit</span> <span class='ocrx_word' id='word_1_159' title='bbox 647 2024 763 2077; x_wconf 88' lang='lat' dir='ltr'>anilibus</span> <span class='ocrx_word' id='word_1_160' title='bbox 775 2041 840 2078; x_wconf 86' lang='lat' dir='ltr'>ora:</span> 
     </span>
     <span class='ocr_line' id='line_1_27' title="bbox 211 2093 790 2166; baseline -0.002 -19"><span class='ocrx_word' id='word_1_161' title='bbox 211 2097 337 2166; x_wconf 86' lang='lat' dir='ltr'>Totaque</span> <span class='ocrx_word' id='word_1_162' title='bbox 349 2095 453 2148; x_wconf 85' lang='lat' dir='ltr'>velatos</span> <span class='ocrx_word' id='word_1_163' title='bbox 464 2095 578 2148; x_wconf 85' lang='lat' dir='ltr'>flaventi</span> <span class='ocrx_word' id='word_1_164' title='bbox 591 2108 712 2163; x_wconf 86' lang='lat' dir='ltr'>corpora</span> <span class='ocrx_word' id='word_1_165' title='bbox 722 2093 790 2146; x_wconf 84' lang='lat' dir='ltr'>sillc</span> 
     </span>
     <span class='ocr_line' id='line_1_28' title="bbox 211 2161 939 2232; baseline 0.003 -15"><span class='ocrx_word' id='word_1_166' title='bbox 211 2165 287 2218; x_wconf 82' lang='lat' dir='ltr'>Misit</span> <span class='ocrx_word' id='word_1_167' title='bbox 298 2166 329 2216; x_wconf 91' lang='lat' dir='ltr'>in</span> <span class='ocrx_word' id='word_1_168' title='bbox 340 2165 391 2216; x_wconf 82' lang='lat' dir='ltr'>has</span> <span class='ocrx_word' id='word_1_169' title='bbox 404 2165 498 2228; x_wconf 87' lang='lat' dir='ltr'>sedes;</span> <span class='ocrx_word' id='word_1_170' title='bbox 508 2181 563 2216; x_wconf 90' lang='lat' dir='ltr'>nec</span> <span class='ocrx_word' id='word_1_171' title='bbox 572 2181 630 2216; x_wconf 91' lang='lat' dir='ltr'>non</span> <span class='ocrx_word' id='word_1_172' title='bbox 644 2163 721 2232; x_wconf 86' lang='lat' dir='ltr'>prius</span> <span class='ocrx_word' id='word_1_173' title='bbox 733 2161 847 2216; x_wconf 75' lang='lat' dir='ltr'>abaudit</span> <span class='ocrx_word' id='word_1_174' title='bbox 858 2174 939 2219; x_wconf 71' lang='lat' dir='ltr'>mmm</span> 
     </span>
     <span class='ocr_line' id='line_1_29' title="bbox 198 2231 899 2302; baseline 0.009 -21"><span class='ocrx_word' id='word_1_175' title='bbox 198 2234 377 2297; x_wconf 52' lang='lat' dir='ltr'>„Verborum</span> <span class='ocrx_word' id='word_1_176' title='bbox 390 2241 418 2285; x_wconf 89' lang='lat' dir='ltr'>et</span> <span class='ocrx_word' id='word_1_177' title='bbox 428 2241 511 2285; x_wconf 87' lang='lat' dir='ltr'>notae</span> <span class='ocrx_word' id='word_1_178' title='bbox 522 2232 583 2285; x_wconf 87' lang='lat' dir='ltr'>dira</span> <span class='ocrx_word' id='word_1_179' title='bbox 593 2233 622 2284; x_wconf 89' lang='lat' dir='ltr'>in</span> <span class='ocrx_word' id='word_1_180' title='bbox 634 2232 758 2301; x_wconf 84' lang='lat' dir='ltr'>periuria</span> <span class='ocrx_word' id='word_1_181' title='bbox 772 2231 899 2302; x_wconf 79' lang='lat' dir='ltr'>linguae:</span> 
     </span>
     <span class='ocr_line' id='line_1_30' title="bbox 143 2301 898 2374; baseline 0.001 -19"><span class='ocrx_word' id='word_1_182' title='bbox 143 2306 195 2361; x_wconf 75' lang='lat' dir='ltr'>1oe</span> <span class='ocrx_word' id='word_1_183' title='bbox 208 2303 289 2356; x_wconf 88' lang='lat' dir='ltr'>Posse</span> <span class='ocrx_word' id='word_1_184' title='bbox 305 2303 386 2374; x_wconf 88' lang='lat' dir='ltr'>queri</span> <span class='ocrx_word' id='word_1_185' title='bbox 398 2310 508 2354; x_wconf 85' lang='lat' dir='ltr'>tanturn</span> <span class='ocrx_word' id='word_1_186' title='bbox 520 2318 607 2354; x_wconf 87' lang='lat' dir='ltr'>rauco</span> <span class='ocrx_word' id='word_1_187' title='bbox 618 2301 738 2353; x_wconf 87' lang='lat' dir='ltr'>stridore</span> <span class='ocrx_word' id='word_1_188' title='bbox 755 2301 898 2372; x_wconf 82' lang='lat' dir='ltr'>relinquit.</span> 
     </span>
     <span class='ocr_line' id='line_1_31' title="bbox 246 2368 980 2441; baseline 0.001 -18"><span class='ocrx_word' id='word_1_189' title='bbox 246 2374 301 2424; x_wconf 87' lang='lat' dir='ltr'>llas</span> <span class='ocrx_word' id='word_1_190' title='bbox 317 2371 367 2424; x_wconf 87' lang='lat' dir='ltr'>ubi</span> <span class='ocrx_word' id='word_1_191' title='bbox 381 2372 534 2441; x_wconf 82' lang='lat' dir='ltr'>praeteriit,</span> <span class='ocrx_word' id='word_1_192' title='bbox 551 2379 579 2422; x_wconf 87' lang='lat' dir='ltr'>et</span> <span class='ocrx_word' id='word_1_193' title='bbox 590 2370 791 2439; x_wconf 74' lang='lat' dir='ltr'>Parthenopeia</span> <span class='ocrx_word' id='word_1_194' title='bbox 804 2369 902 2424; x_wconf 84' lang='lat' dir='ltr'>dextra</span> <span class='ocrx_word' id='word_1_195' title='bbox 976 2368 980 2371; x_wconf 75' lang='grc'><strong>’</strong></span> 
     </span>
     <span class='ocr_line' id='line_1_32' title="bbox 168 2438 810 2509; baseline -0.008 -13"><span class='ocrx_word' id='word_1_196' title='bbox 168 2490 171 2496; x_wconf 94' lang='grc'><em>.</em></span> <span class='ocrx_word' id='word_1_197' title='bbox 210 2441 322 2494; x_wconf 81' lang='lat' dir='ltr'>Moenia</span> <span class='ocrx_word' id='word_1_198' title='bbox 332 2440 466 2509; x_wconf 89' lang='lat' dir='ltr'>deseruit,</span> <span class='ocrx_word' id='word_1_199' title='bbox 477 2441 555 2493; x_wconf 80' lang='lat' dir='ltr'>laeva</span> <span class='ocrx_word' id='word_1_200' title='bbox 570 2439 605 2491; x_wconf 90' lang='lat' dir='ltr'>de</span> <span class='ocrx_word' id='word_1_201' title='bbox 619 2447 700 2509; x_wconf 86' lang='lat' dir='ltr'>parte</span> <span class='ocrx_word' id='word_1_202' title='bbox 713 2438 810 2492; x_wconf 83' lang='lat' dir='ltr'>canori</span> 
     </span>
     <span class='ocr_line' id='line_1_33' title="bbox 210 2506 970 2578; baseline -0.001 -15"><span class='ocrx_word' id='word_1_203' title='bbox 210 2509 343 2563; x_wconf 81' lang='lat' dir='ltr'>Aeolidae</span> <span class='ocrx_word' id='word_1_204' title='bbox 357 2510 549 2577; x_wconf 88' lang='lat' dir='ltr'>tumulum‚·et</span> <span class='ocrx_word' id='word_1_205' title='bbox 559 2509 623 2561; x_wconf 91' lang='lat' dir='ltr'>loca</span> <span class='ocrx_word' id='word_1_206' title='bbox 636 2509 695 2560; x_wconf 84' lang='lat' dir='ltr'>feta</span> <span class='ocrx_word' id='word_1_207' title='bbox 704 2508 873 2578; x_wconf 80' lang='lat' dir='ltr'>palustribus</span> <span class='ocrx_word' id='word_1_208' title='bbox 884 2506 970 2574; x_wconf 79' lang='lat' dir='ltr'>ulvis3</span> 
     </span>
     <span class='ocr_line' id='line_1_34' title="bbox 208 2577 888 2647; baseline -0.001 -15"><span class='ocrx_word' id='word_1_209' title='bbox 208 2579 320 2632; x_wconf 83' lang='lat' dir='ltr'>Littora</span> <span class='ocrx_word' id='word_1_210' title='bbox 332 2582 490 2641; x_wconf 85' lang='lat' dir='ltr'>Cumarum,</span> <span class='ocrx_word' id='word_1_211' title='bbox 503 2578 660 2647; x_wconf 78' lang='lat' dir='ltr'>vivacisque</span> <span class='ocrx_word' id='word_1_212' title='bbox 674 2586 755 2630; x_wconf 87' lang='lat' dir='ltr'>antra</span> <span class='ocrx_word' id='word_1_213' title='bbox 765 2577 888 2646; x_wconf 75' lang='lat' dir='ltr'>Sibyllae</span> 
     </span>
     <span class='ocr_line' id='line_1_35' title="bbox 142 2648 967 2717; baseline -0.001 -17"><span class='ocrx_word' id='word_1_214' title='bbox 142 2648 194 2706; x_wconf 76' lang='lat'>106</span> <span class='ocrx_word' id='word_1_215' title='bbox 210 2648 312 2702; x_wconf 73' lang='lat' dir='ltr'>Intrate</span> <span class='ocrx_word' id='word_1_216' title='bbox 326 2658 363 2714; x_wconf 90' lang='lat' dir='ltr'>et,</span> <span class='ocrx_word' id='word_1_217' title='bbox 375 2658 408 2700; x_wconf 91' lang='lat' dir='ltr'>ut</span> <span class='ocrx_word' id='word_1_218' title='bbox 419 2665 516 2702; x_wconf 88' lang='lat' dir='ltr'>manes</span> <span class='ocrx_word' id='word_1_219' title='bbox 529 2648 611 2700; x_wconf 86' lang='lat' dir='ltr'>adeat</span> <span class='ocrx_word' id='word_1_220' title='bbox 623 2663 676 2717; x_wconf 88' lang='lat' dir='ltr'>per</span> <span class='ocrx_word' id='word_1_221' title='bbox 686 2650 794 2699; x_wconf 81' lang='lat' dir='ltr'>Averna</span> <span class='ocrx_word' id='word_1_222' title='bbox 807 2656 947 2717; x_wconf 83' lang='lat' dir='ltr'>paternos,</span> <span class='ocrx_word' id='word_1_223' title='bbox 965 2693 967 2699; x_wconf 93' lang='lat'><em>.</em></span> 
     </span>
     <span class='ocr_line' id='line_1_36' title="bbox 212 2716 842 2772; baseline 0 -5"><span class='ocrx_word' id='word_1_224' title='bbox 212 2720 287 2772; x_wconf 89' lang='lat' dir='ltr'>Orat.</span> <span class='ocrx_word' id='word_1_225' title='bbox 304 2721 340 2770; x_wconf 89' lang='lat' dir='ltr'>At</span> <span class='ocrx_word' id='word_1_226' title='bbox 350 2717 399 2770; x_wconf 86' lang='lat' dir='ltr'>illa</span> <span class='ocrx_word' id='word_1_227' title='bbox 411 2718 459 2770; x_wconf 92' lang='lat' dir='ltr'>diu</span> <span class='ocrx_word' id='word_1_228' title='bbox 471 2717 563 2770; x_wconf 84' lang='lat' dir='ltr'>vultus</span> <span class='ocrx_word' id='word_1_229' title='bbox 574 2716 677 2769; x_wconf 89' lang='lat' dir='ltr'>tellure</span> <span class='ocrx_word' id='word_1_230' title='bbox 688 2724 812 2769; x_wconf 84' lang='lat' dir='ltr'>moratos</span> <span class='ocrx_word' id='word_1_231' title='bbox 840 2739 842 2742; x_wconf 47' lang='lat'><strong>⁴</strong></span> 
     </span>
     <span class='ocr_line' id='line_1_37' title="bbox 209 2786 869 2856; baseline -0.002 -17"><span class='ocrx_word' id='word_1_232' title='bbox 209 2786 319 2839; x_wconf 78' lang='lat' dir='ltr'>Ererits</span> <span class='ocrx_word' id='word_1_233' title='bbox 331 2787 501 2856; x_wconf 84' lang='lat' dir='ltr'>tandemque</span> <span class='ocrx_word' id='word_1_234' title='bbox 515 2786 567 2839; x_wconf 90' lang='lat' dir='ltr'>deo</span> <span class='ocrx_word' id='word_1_235' title='bbox 580 2786 732 2838; x_wconf 76' lang='lat' dir='ltr'>furibunda</span> <span class='ocrx_word' id='word_1_236' title='bbox 742 2793 869 2854; x_wconf 89' lang='lat' dir='ltr'>recepto,</span> 
     </span>
     <span class='ocr_line' id='line_1_38' title="bbox 210 2855 902 2925; baseline -0.006 -18"><span class='ocrx_word' id='word_1_237' title='bbox 210 2856 313 2925; x_wconf 80' lang='lat' dir='ltr'>Magna</span> <span class='ocrx_word' id='word_1_238' title='bbox 321 2856 401 2923; x_wconf 86' lang='lat' dir='ltr'>petis,</span> <span class='ocrx_word' id='word_1_239' title='bbox 417 2856 493 2923; x_wconf 81' lang='lat' dir='ltr'>dixit,</span> <span class='ocrx_word' id='word_1_240' title='bbox 504 2856 547 2907; x_wconf 90' lang='lat' dir='ltr'>vir</span> <span class='ocrx_word' id='word_1_241' title='bbox 559 2855 642 2908; x_wconf 80' lang='lat' dir='ltr'>factis</span> <span class='ocrx_word' id='word_1_242' title='bbox 651 2855 780 2921; x_wconf 83' lang='lat' dir='ltr'>maxime,</span> <span class='ocrx_word' id='word_1_243' title='bbox 794 2855 873 2907; x_wconf 88' lang='lat' dir='ltr'>cuius</span> <span class='ocrx_word' id='word_1_244' title='bbox 896 2892 902 2902; x_wconf 41' lang='lat' dir='ltr'>r</span> 
     </span>
     <span class='ocr_line' id='line_1_39' title="bbox 210 2924 927 3005; baseline 0.003 -29"><span class='ocrx_word' id='word_1_245' title='bbox 210 2924 329 2976; x_wconf 84' lang='lat' dir='ltr'>Dextera</span> <span class='ocrx_word' id='word_1_246' title='bbox 339 2925 521 2992; x_wconf 82' lang='lat' dir='ltr'>per&#39;ferrum,</span> <span class='ocrx_word' id='word_1_247' title='bbox 533 2925 621 2994; x_wconf 84' lang='lat' dir='ltr'>pietas</span> <span class='ocrx_word' id='word_1_248' title='bbox 634 2932 761 2994; x_wconf 82' lang='lat' dir='ltr'>spectata</span> <span class='ocrx_word' id='word_1_249' title='bbox 773 2940 824 2992; x_wconf 84' lang='lat' dir='ltr'>per</span> <span class='ocrx_word' id='word_1_250' title='bbox 838 2924 927 3005; x_wconf 63' lang='lat' dir='ltr'>ignes.</span> 
     </span>
     <span class='ocr_line' id='line_1_40' title="bbox 143 2991 910 3062; baseline -0.007 -13"><span class='ocrx_word' id='word_1_251' title='bbox 143 2991 195 3050; x_wconf 79' lang='lat'>110</span> <span class='ocrx_word' id='word_1_252' title='bbox 211 2993 286 3045; x_wconf 83' lang='lat' dir='ltr'>Pone</span> <span class='ocrx_word' id='word_1_253' title='bbox 301 3002 405 3056; x_wconf 62' lang='lat' dir='ltr'>umen,</span> <span class='ocrx_word' id='word_1_254' title='bbox 416 2993 545 3060; x_wconf 85' lang='lat' dir='ltr'>Troiane,</span> <span class='ocrx_word' id='word_1_255' title='bbox 557 3000 680 3045; x_wconf 87' lang='lat' dir='ltr'>metum:</span> <span class='ocrx_word' id='word_1_256' title='bbox 690 2994 798 3062; x_wconf 88' lang='lat' dir='ltr'>potiere</span> <span class='ocrx_word' id='word_1_257' title='bbox 808 2992 910 3061; x_wconf 77' lang='lat' dir='ltr'>petitis,</span> 
     </span>
     <span class='ocr_line' id='line_1_41' title="bbox 209 3059 918 3132; baseline -0.001 -18"><span class='ocrx_word' id='word_1_258' title='bbox 209 3059 369 3131; x_wconf 82' lang='lat' dir='ltr'>Elysiasque</span> <span class='ocrx_word' id='word_1_259' title='bbox 380 3060 487 3125; x_wconf 88' lang='lat' dir='ltr'>domos,</span> <span class='ocrx_word' id='word_1_260' title='bbox 501 3071 529 3115; x_wconf 85' lang='lat' dir='ltr'>et</span> <span class='ocrx_word' id='word_1_261' title='bbox 540 3077 628 3132; x_wconf 71' lang='lat' dir='ltr'>regna</span> <span class='ocrx_word' id='word_1_262' title='bbox 638 3062 788 3114; x_wconf 86' lang='lat' dir='ltr'>novissima</span> <span class='ocrx_word' id='word_1_263' title='bbox 798 3060 898 3113; x_wconf 87' lang='lat' dir='ltr'>mundi</span> <span class='ocrx_word' id='word_1_264' title='bbox 915 3061 918 3069; x_wconf 87' lang='lat'>&#39;</span> 
     </span>
     <span class='ocr_line' id='line_1_42' title="bbox 210 3128 973 3201; baseline 0.003 -19"><span class='ocrx_word' id='word_1_265' title='bbox 210 3131 257 3182; x_wconf 90' lang='lat' dir='ltr'>Me</span> <span class='ocrx_word' id='word_1_266' title='bbox 268 3129 347 3195; x_wconf 91' lang='lat' dir='ltr'>duce,</span> <span class='ocrx_word' id='word_1_267' title='bbox 359 3146 520 3200; x_wconf 76' lang='lat' dir='ltr'>cognosces,</span> <span class='ocrx_word' id='word_1_268' title='bbox 534 3130 740 3200; x_wconf 82' lang='lat' dir='ltr'>simulacraque</span> <span class='ocrx_word' id='word_1_269' title='bbox 751 3146 819 3183; x_wconf 88' lang='lat' dir='ltr'>cara</span> <span class='ocrx_word' id='word_1_270' title='bbox 828 3128 973 3201; x_wconf 71' lang='lat' dir='ltr'>parentia*</span> 
     </span>
     <span class='ocr_line' id='line_1_43' title="bbox 210 3198 828 3252; baseline 0.003 -2"><span class='ocrx_word' id='word_1_271' title='bbox 210 3198 288 3250; x_wconf 84' lang='lat' dir='ltr'>Invia</span> <span class='ocrx_word' id='word_1_272' title='bbox 300 3199 396 3251; x_wconf 88' lang='lat' dir='ltr'>virtuti</span> <span class='ocrx_word' id='word_1_273' title='bbox 408 3198 486 3251; x_wconf 86' lang='lat' dir='ltr'>nulla</span> <span class='ocrx_word' id='word_1_274' title='bbox 498 3209 538 3251; x_wconf 86' lang='lat' dir='ltr'>est</span> <span class='ocrx_word' id='word_1_275' title='bbox 548 3198 600 3252; x_wconf 73' lang='lat' dir='ltr'>⁵via.</span> <span class='ocrx_word' id='word_1_276' title='bbox 617 3199 705 3252; x_wconf 76' lang='lat' dir='ltr'>uixit:</span> <span class='ocrx_word' id='word_1_277' title='bbox 719 3208 748 3252; x_wconf 89' lang='lat' dir='ltr'>et</span> <span class='ocrx_word' id='word_1_278' title='bbox 758 3216 828 3252; x_wconf 84' lang='lat' dir='ltr'>auro</span> 
     </span>
     <span class='ocr_line' id='line_1_44' title="bbox 209 3265 861 3339; baseline 0.003 -21"><span class='ocrx_word' id='word_1_279' title='bbox 209 3265 374 3339; x_wconf 76' lang='lat' dir='ltr'>Fulgentem</span> <span class='ocrx_word' id='word_1_280' title='bbox 386 3282 498 3321; x_wconf 75' lang='lat' dir='ltr'>minum</span> <span class='ocrx_word' id='word_1_281' title='bbox 509 3268 577 3320; x_wconf 84' lang='lat' dir='ltr'>silva</span> <span class='ocrx_word' id='word_1_282' title='bbox 587 3269 699 3321; x_wconf 75' lang='lat' dir='ltr'>heronis</span> <span class='ocrx_word' id='word_1_283' title='bbox 708 3272 835 3321; x_wconf 86' lang='lat' dir='ltr'>Avernae</span> <span class='ocrx_word' id='word_1_284' title='bbox 859 3286 861 3291; x_wconf 94' lang='lat'>·</span> 
     </span>
     <span class='ocr_line' id='line_1_45' title="bbox 143 3316 854 3427; baseline 0.008 -38"><span class='ocrx_word' id='word_1_285' title='bbox 143 3316 200 3389; x_wconf 79' lang='lat'><strong>115¹</strong></span> <span class='ocrx_word' id='word_1_286' title='bbox 210 3336 381 3427; x_wconf 73' lang='lat' dir='ltr'>Monstravit,</span> <span class='ocrx_word' id='word_1_287' title='bbox 389 3336 523 3409; x_wconf 86' lang='lat' dir='ltr'>iussitque</span> <span class='ocrx_word' id='word_1_288' title='bbox 532 3350 584 3392; x_wconf 88' lang='lat' dir='ltr'>suo</span> <span class='ocrx_word' id='word_1_289' title='bbox 598 3336 731 3393; x_wconf 84' lang='lat' dir='ltr'>divellere</span> <span class='ocrx_word' id='word_1_290' title='bbox 741 3347 854 3396; x_wconf 75' lang='lat' dir='ltr'>trumo.</span> 
     </span>
    </p>
   </div>
   <div class='ocr_carea' id='block_1_3' title="bbox 0 0 1180 3834">
    <p class='ocr_par' dir='ltr' id='par_1_3' title="bbox 0 0 1180 3834">
     <span class='ocr_line' id='line_1_46' title="bbox 0 0 1180 3834; baseline 0 0"><span class='ocrx_word' id='word_1_291' title='bbox 0 0 1180 3834; x_wconf 95' lang='lat' dir='ltr'> </span> 
     </span>
    </p>
   </div>
  </div>
 </body>
</html>
