2350 3834
5 228 6 265 r
95 216 176 280 ·7t
250 262 304 281 ,,
390 213 861 277 aovmnuasonts

200 363 342 416 stantibus
356 359 412 414 exit
425 359 520 430 aquis,
538 359 667 430 aperitin
679 359 716 412 ab
733 375 856 429 aequore
872 367 962 415 moto.
1076 421 1080 429 ,

202 434 287 486 Nixus
301 449 351 496 eo,
369 430 502 499 rupisque
515 436 613 483 tenens
626 431 692 499 iuga
705 430 798 498 prima
815 429 936 497 sinistra,

201 504 257 554 Ter
270 511 369 571 quater
380 499 472 570 exegit
484 501 603 568 repetita
614 517 664 568 per
677 499 726 551 ilia
742 499 859 551 ferrum.

133 569 184 626 785
200 571 311 624 Littora
326 585 391 622 cum
405 569 505 638 plausu
518 569 627 621 clamor
641 583 810 637 superasque
825 567 944 620 deorum
970 600 978 613 -

202 639 356 707 Implevere
369 639 476 690 domos.
512 638 655 703 Gaudent,
672 654 864 708 generumque
878 637 1017 708 salutant,

201 708 398 777 Auxiliumque
413 708 510 759 domus
527 717 755 776 servatoremque
769 707 894 761 fatentur
934 750 936 753 .

204 778 331 846 Cassiope
345 777 524 845 Cepheusque
536 788 625 846 pater.
659 777 793 828 Resoluta
811 775 917 828 catenis

201 847 310 899 Incedit
322 846 417 915 virgo,
434 847 613 915 pretiumque
631 854 660 897 et
670 862 755 896 causa
769 845 884 898 laboris.

134 912 187 971 740
203 920 264 986 Ipse
278 933 377 967 manus
388 915 487 967 heusta
501 916 631 985 victrices
646 914 736 966 abluit
746 914 839 966 unda:

114 1035 116 1040 .
203 992 245 1037 An
265 985 441 1054 uifemmque
455 985 623 1053 caputtdura
634 1000 670 1035 ne
681 983 776 1035 laedat
789 999 884 1048 arena,

204 1003 298 1108 Mollis
310 1054 429 1106 humum
441 1054 531 1117 foliis,
549 1063 685 1121 natasque
697 1053 747 1104 sub
762 1068 885 1122 aequore
896 1050 990 1123 virgas

204 1122 323 1189 Sternit,
342 1132 369 1176 et
380 1124 500 1191 imponit
511 1123 699 1190 Phorcynidos
712 1139 762 1172 ora
777 1121 916 1176 Medusae.

203 1193 289 1262 Virga
298 1208 412 1258 recens,
429 1192 580 1260 bibulaque
592 1191 748 1242 etiamnum
761 1190 824 1242 siva
837 1189 972 1258 medulla,

134 1257 186 1319 745
203 1263 267 1312 Vim
282 1261 375 1329 rapuit
387 1261 523 1328 monstri,
542 1269 677 1328 tactuque
692 1260 818 1311 induruit
831 1259 920 1326 huius,

203 1332 389 1399 Percepitque
404 1347 509 1383 novum
521 1329 607 1381 ramis
620 1341 648 1381 et
659 1328 760 1380 fronde
774 1329 909 1399 rigorem.

204 1404 240 1453 At
251 1399 344 1469 pelagi
358 1399 627 1468 Nymphae‘factum
641 1398 770 1449 mirabile
784 1406 895 1450 tentant

196 1468 330 1539 ,Pluribus
342 1468 372 1520 in
389 1469 432 1519 vir
454 1468 490 1534 's,
507 1477 535 1521 et
545 1467 623 1520 idem·
636 1467 799 1537 contingere
815 1466 955 1536 gaudentr

155 1568 157 1583 ι
177 1583 181 1590 .
203 1537 371 1608 Seminaque
384 1553 418 1589 ex
431 1556 440 1587 ι
452 1536 486 1588 lis
497 1537 601 1589 iterant
612 1537 715 1588 iactata
726 1553 777 1604 per
789 1535 887 1587 undas.

135 1601 188 1662 750
203 1610 285 1661 Nunc
297 1620 408 1677 quoque
424 1606 535 1658 curaliis
550 1606 650 1659 eadem
663 1615 763 1658 natura
775 1604 920 1671 remansit,

203 1675 343 1728 Duritiem
358 1684 436 1728 tacto
451 1675 563 1744 capiant
575 1684 607 1727 ut
621 1675 656 1726 ab
669 1678 757 1740 altre,¹
767 1674 899 1743 quodque
976 1670 979 1679 ’

203 1747 304 1802 Vimen
315 1744 345 1795 in
357 1761 479 1824 aequore
493 1753 566 1811 erat,
584 1744 635 1795 fiat
646 1761 731 1812 super
742 1760 866 1812 aequora
875 1758 983 1798 saxum.

237 1817 286 1866 Dls
299 1814 391 1873 tribusv
402 1813 450 1864 rlle
466 1815 546 1866 focos
560 1813 680 1866 totidem
698 1813 793 1865 daces
815 1812 853 1863 ite
866 1811 961 1880 ponit3

203 1883 327 1935 Laevum
343 1882 499 1949 Mercurio,
518 1884 648 1937 dextrum
662 1882 729 1947 tibi,
746 1883 782 1934 be
804 1882 849 1933 ica
862 1882 964 1951 Virgo;

135 1948 187 2008 755
203 1956 259 2004 Ara
273 1952 344 2004 Iovis
358 1953 451 2004 media
463 1961 512 2005 est.
548 1956 692 2004 Mactatur
703 1968 790 2002 vacca
803 1951 955 2018 Minervae,

165 2032 169 2040 '
203 2021 314 2091 Alipedi
326 2021 444 2082 vitulus,
462 2031 558 2073 taurus
574 2021 643 2085 tihi,
662 2036 770 2071 summe
785 2019 912 2073 deorum.

203 2091 332 2143 Protinus
344 2091 559 2158 Andromedan,
575 2099 604 2142 et
613 2089 683 2140 tanti
695 2091 823 2157 praemia
840 2088 913 2140 facti

202 2159 332 2212 indotata
343 2160 424 2228 rapit.
458 2160 564 2212 Taedas
576 2162 751 2226 Hymenaeus
768 2163 911 2227 Amorque
929 2192 933 2197 ι

203 2230 396 2281 Praecutiuntt
412 2228 498 2298 largis
511 2229 646 2280 satiantur
661 2227 793 2280 odoribus
805 2228 899 2298 ignes:

135 2294 188 2351 760
205 2301 338 2366 Sertaque
354 2299 512 2365 dependent
523 2298 619 2350 tectis:
636 2296 759 2366 lotique,
775 2296 920 2366 lyraeque,

204 2367 354 2436 Tibiaque,
373 2375 401 2417 et
415 2375 528 2433 cautus,
546 2367 631 2418 animi
646 2366 743 2417 felicia
757 2365 841 2417 laeti·
888 2399 891 2407 ·

203 2441 392 2505 Argumenta,
410 2442 518 2487 sonant.
552 2437 691 2487 Reseratis
709 2451 794 2487 aurea
810 2432 897 2485 valvis

205 2506 284 2557 Atria
296 2514 357 2556 tota
368 2513 481 2572 patent,
501 2503 656 2574 pulcroque
668 2504 804 2555 instructa
814 2511 917 2572 paratu

205 2574 339 2642 Cephenis
353 2591 489 2643 proceres
499 2573 597 2625 ineunt
609 2573 735 2626 convivia
752 2573 834 2643 regis.

135 2639 188 2695 765
205 2649 356 2712 Postquam
367 2643 457 2711 epulis
470 2641 560 2696 functi
570 2643 700 2713 generosi
713 2658 830 2694 munere
844 2639 946 2692 bacchi
1014 2662 1021 2677 ν

204 2711 347 2764 Diffudere
361 2713 481 2765 animos:
500 2713 647 2782 cultusque
660 2711 826 2779 habitusque
836 2710 969 2764 locorum

205 2782 322 2844 Quaerit
334 2782 516 2844 Abantiades3
535 2780 682 2851 quaerenti
696 2780 822 2848 protinus
839 2796 910 2833 unus

207 2849 321 2919 [Narrat
331 2852 466 2918 Lyncides
480 2867 630 2920 moresque
644 2849 807 2918 habitusque
820 2848 965 2918 virorum]

206 2923 283 2982 Quae
295 2919 378 2971 simul
392 2920 519 2986 edocuit,
537 2918 632 2985 Nunc,
653 2917 852 2981 ofortissime‚
871 2918 948 2984 dixit,
1021 2960 1023 2962 .
1097 2940 1100 2967 ;

134 2987 190 3042 770
204 2991 273 3040 Fare
289 3006 405 3058 precor,
423 2991 524 3041 Persen
531 3026 541 3053 „
560 2997 666 3058 quanta
676 2988 795 3053 virtute,
814 2987 968 3058 quibusque

203 3059 313 3110 Artibus
330 3058 475 3111 abstuleris
490 3058 591 3111 crinita
607 3057 773 3111 draconibus
792 3074 851 3108 ora.

203 3129 306 3183 Narrat
318 3128 503 3197 Agenorides,
520 3127 612 3197 gelido
626 3127 677 3178 sub
696 3125 805 3177 Atlante
818 3126 959 3178 iacentem

203 3199 267 3248 Esse
280 3196 391 3265 locum,
410 3196 516 3248 solidae
527 3205 620 3248 tutum
633 3195 789 3247 munimine
803 3194 901 3248 molis:

144 3312 149 3323 ,
206 3266 287 3317 Cuius
300 3266 330 3316 in
345 3265 463 3318 introitu
475 3265 600 3336 geminas
614 3265 751 3318 habitasse
765 3280 882 3317 sorores,

135 3332 187 3390 775
203 3333 360 3404 Phorcydas
372 3335 452 3388 nnius
466 3335 582 3404 partitas
593 3334 708 3389 luminis
718 3350 815 3401 usum:
866 3395 870 3401 ,
