2350 3834
257 232 699 309 neranoaenosaou
719 252 801 309 me.
822 253 883 308 nr.
931 324 933 329 ,
976 250 1047 319 '209

86 395 229 468 Sanguine
245 393 371 466 virgineo
386 396 556 466 placandam
571 397 614 450 vir
636 397 685 450 'nis
701 398 774 451 iram

86 467 153 518 Esse
169 465 247 520 deae.
271 467 420 535 Postquam
431 466 564 535 pietatem
639 467 695 521 lica
711 485 805 535 carrea,

86 537 202 605 Rexque
218 542 328 603 patrem
344 535 427 602 vicit,
446 538 728 605 castumque-datura
745 554 877 592 cruorem
1008 540 1046 598 30

85 604 229 659 Flentibus
246 612 311 656 ante
328 621 407 658 aram
424 606 504 658 stetit
519 605 663 675 Iphigenia
678 607 830 672 ministris3

86 674 169 726 Victa
186 673 238 727 dea
256 682 311 738 est,
327 674 488 745 nubemque
506 674 594 727 oculis
613 676 725 745 obiecit,
742 685 770 728 et
786 677 862 730 inter
905 716 907 723 .

86 743 225 797 Officium,
236 743 404 812 turbamque
421 743 503 808 sacri,
521 760 660 812 vocesque
676 755 851 815 precantum,

84 812 232 882 Supposita
247 811 341 871 fertur
356 820 479 866 mactasse
496 813 644 880 Mycenida
661 830 753 867 cerva.

83 884 160 953 Ergo
178 881 235 947 ubi,
254 898 309 1002 qua
327 881 429 946 decuit,
446 882 534 934 lenita
552 889 595 934 est
613 882 699 936 caede
712 882 812 951 «Diana,

83 953 119 1004 Et
135 950 241 1031 pariter
277 950 389 1011 boebes,
403 950 510 1020 pariter
529 951 613 1002 maris
633 950 677 1005 ira
692 952 821 1018 recessit3

82 1019 232 1088 Accipiunt
247 1028 347 1073 sentos
365 1037 383 1073 a
397 1028 478 1092 tergo
495 1019 574 1077 mille
586 1021 710 1089 carinae,

82 1088 229 1159 Multaque
245 1104 391 1158 perpessae
407 1089 527 1160 Phrygia
544 1090 690 1158 potiuntur
704 1107 798 1143 arena.

117 1158 191 1211 Orbe
209 1156 288 1213 locus
304 1158 398 1211 medio
416 1168 458 1211 est
474 1159 719 1230 interutrasque,
736 1160 907 1232 freamque,

82 1227 278 1298 Goelestesque
295 1228 400 1298 plagas,
417 1226 538 1297 triplicis
555 1228 679 1281 confinia
695 1230 806 1291 mundi:

81 1296 162 1350 Vnde
180 1297 256 1365 quod
273 1307 314 1349 est
331 1314 458 1367 usquam,
482 1298 608 1367 quamvis
624 1298 784 1369 regionibus
803 1299 884 1367 absit,
908 1349 910 1353 .

81 1365 241 1435 Inspicitur,
257 1375 443 1437 penetratque
460 1384 542 1419 casu
558 1384 613 1420 vox
631 1369 721 1421 omnis
739 1368 775 1420 ad
792 1385 884 1421 auree.

80 1437 168 1488 Fama
185 1444 273 1501 tenet,
289 1453 455 1506 summaque
472 1437 589 1489 domum
606 1437 659 1489 sibi
674 1437 744 1508 legit
759 1437 790 1490 in
807 1455 887 1493 aroer

79 1503 298 1575 Innumeraeque
315 1505 413 1572 aditus,
431 1522 465 1558 ac
482 1505 561 1558 milla
577 1502 719 1559 foramina
734 1507 818 1561 tectis

79 1573 202 1638 Adsedit,
221 1582 249 1627 et
264 1573 348 1627 nullis
364 1574 477 1628 inclusit
490 1574 591 1628 limina
607 1577 703 1646 portis.

79 1645 171 1697 Nocte
189 1643 289 1725 dieque
305 1651 412 1712 patent.
432 1646 503 1697 Tota
520 1653 563 1697 est
580 1661 613 1696 ex
630 1661 681 1697 ore
696 1645 823 1698 sonanti:
909 1646 918 1653 “

63 1713 275 1778 ,Ἇόειιΐτεηιιῐν
291 1720 429 1783 vocesque
445 1712 545 1766 refert:
563 1713 712 1783 iteratque,
728 1715 805 1786 quod
820 1715 907 1768 audit.

78 1781 168 1834 Nulla·
180 1782 258 1852 quiea
274 1780 358 1849 intus,
375 1781 509 1851 nullaque
525 1781 636 1835 silentia
652 1792 742 1852 parte.
826 1819 828 1823 -

77 1853 137 1907 Neo
154 1860 249 1904 tamen
267 1861 309 1904 est
326 1851 443 1916 clamor,
460 1851 509 1904 sed
525 1867 629 1919 persae
646 1869 792 1907 murmura
807 1854 896 1908 vocis:

78 1920 179 1983 Qualia
196 1921 232 1977 de
247 1921 350 1992 pelagi,
366 1921 388 1973 si
407 1920 471 1990 quis
486 1920 588 1989 procul
602 1921 706 1989 audiat,
724 1924 806 1975 undis
979 1923 981 1927 ’

76 1991 141 2042 Esse
158 1989 263 2061 solent:
283 1990 556 2060 qualemresonurn,
574 2006 640 2043 oum
656 1990 762 2112 Iupiter
778 1999 855 2047 atras
921 2029 923 2033 ψ

76 2059 220 2128 increpuit
235 2060 333 2127 nubes,
352 2067 476 2113 extrema
491 2059 617 2113 tonitrua
632 2060 682 2112 red
702 2069 762 2114 unt.
783 2118 787 2123 ‚

76 2127 159 2183 Atria
170 2129 254 2182 turba
271 2137 384 2181 tenent:
400 2127 593 2181 veniuntleva
609 2128 717 2200 vulgus,
736 2138 867 2200 euntque,

76 2199 213 2267 Mistaque
230 2215 296 2250 curn
312 2197 385 2250 veris
401 2197 504 2266 passim
520 2207 681 2250 commenta
699 2208 855 2269 vagantur.

75 2267 164 2325 Millia
180 2267 528 2336 rumorumsconfusaque
545 2267 632 2320 rerba
647 2267 782 2323 volutant.
995 2269 1031 2329 55

74 2336 96 2388 Ε
113 2336 215 2406 quibus
231 2336 261 2389 hi
278 2353 379 2389 vacuae
393 2335 513 2405 implent
528 2338 702 2391 sermonibus
719 2353 816 2392 aures:

74 2405 110 2457 lli
125 2414 242 2459 narrata
255 2406 352 2458 ferunt
367 2405 439 2458 alio:
457 2422 644 2476 mensuraque
659 2407 721 2459 ficti

75 2475 190 2540 Crescit,
207 2483 237 2531 et
252 2473 354 2527 auditis
371 2474 478 2544 aliquid
494 2491 582 2527 novus
601 2475 697 2528 adiicit
713 2484 822 2530 auctor.

72 2543 136 2597 Illic
154 2542 315 2609 Credulitas,
333 2543 392 2597 illio
410 2544 576 2597 temerarius
593 2547 688 2607 Error,
796 2592 799 2597 s
912 2574 923 2597 s

72 2614 207 2683 Vanaque
222 2613 341 2666 Laetitia
359 2621 407 2679 est,
426 2613 652 2682 constentatique
669 2613 805 2681 Timores,
992 2614 1029 2671 60

72 2682 235 2752 Seditioque
251 2699 361 2751 repens,
379 2681 519 2751 dubioque
538 2690 654 2735 auctore
671 2683 790 2736 Srnurri.

70 2753 142 2821 ipsa,
160 2751 229 2822 quid
245 2751 274 2803 in
293 2751 373 2804 coelo
390 2767 496 2817 rerum,
514 2750 670 2831 pelagoque
679 2761 802 2824 geratur,

65 2821 105 2891 ¹Et
118 2820 232 2888 tellure,
248 2820 332 2888 videt,
350 2828 498 2889 totumque
514 2822 631 2889 inqurrit
646 2821 677 2871 in
694 2821 801 2875 orbem.

103 2893 223 2944 Fecerat
238 2890 308 2943 haee
324 2898 431 2950 notum,
449 2888 546 2941 Graias
554 2900 628 2941 'cnm
644 2889 734 2943 milite
750 2890 821 2943 forti
940 2945 943 2951 ,

68 2959 225 3012 Adventare
242 2967 331 3013 retest
348 2974 441 3028 nequa
457 2957 662 3028 inexspectatus
677 2959 708 3011 in
724 2960 810 3013 armis
989 2961 1024 3014 65

69 3030 160 3082 Hostis
177 3028 265 3084 adest.
280 3028 441 3081 'Prohibent
457 3027 542 3095 aditu,
560 3027 692 3098 littusque
708 3038 824 3083 tuentur

68 3099 168 3152 Troes:
187 3107 216 3151 et
233 3101 372 3151 Hectorea
389 3097 496 3166 primus
513 3096 635 3151 fataliter
652 3098 739 3166 hasta,

66 3167 230 3234 Protesilai,
248 3166 339 3219 ordis:
356 3167 559 3237 commissaque
574 3167 683 3235 proelia
699 3185 802 3236 magno

69 3238 146 3290 Stant
163 3238 282 3289 Danais:
299 3235 436 3307 fortisque
454 3235 562 3288 animae
580 3252 651 3288 nece
668 3239 796 3307 cognitus
813 3236 932 3289 Hector:

66 3305 124 3359 Nec
140 3305 265 3376 Phrygas
284 3305 392 3375 exiguo,
411 3304 477 3376 quid
493 3306 598 3358 Achaia
616 3305 729 3358 dextera
744 3313 847 3375 posset,
983 3303 1020 3358 70

67 3375 207 3448 sangrino
224 3383 379 3431 natorum.
404 3378 440 3430 Et
455 3374 513 3429 iam
530 3375 611 3447 siges
625 3375 765 3429 nunant
