2350 3834
134 212 196 276 100
397 215 428 268 Ρ.
449 213 595 268 0v1u11
615 211 803 267 uasorus

199 355 322 426 Adspicit
333 354 481 425 Alphenor,
497 355 600 408 laniata
639 362 780 426 spectare
795 353 929 427 plangens

199 425 331 488 Advolat,
361 434 392 476 ut
426 426 511 477 elidos
524 443 606 495 comp
618 424 711 477 axibus
721 425 822 476 allevet
838 434 927 481 artum

130 496 184 554 250
199 499 286 563 Inque
301 492 347 561 pio
363 511 395 546 ca
416 495 439 545 it
452 495 554 549 officio.
588 497 660 546 Nam
672 493 764 545 Delius
780 492 824 546 illi

198 564 299 615 Intima
310 561 424 614 fatifero
436 563 541 632 rumpit
553 562 715 633 praecordia
728 561 817 616 senos

198 630 280 694 Quod
292 629 374 682 simul
387 630 527 699 eductum,
543 650 607 702 pars
621 639 664 683 est
680 630 819 699 pulmonis
830 629 860 682 in
877 630 972 688 hamis

109 765 110 770 Ἰ
197 700 298 752 Eruta:
328 716 447 769 cumque
460 702 554 753 anima
571 717 657 754 cruor
673 708 715 752 est
727 699 827 751 effusus
841 699 871 751 in
882 717 972 755 auras.

200 771 236 818 At
245 784 302 819 non
316 766 457 820 intonsum
468 769 584 839 simplex
600 767 833 821 Damasichthona
847 768 945 819 vulnus

131 835 183 892 255
198 836 300 889 efficit.
333 839 408 888 Ictus
420 846 490 904 erat,
517 854 644 908 quaeras
662 853 719 890 esse
730 836 835 905 incipit,
853 845 881 889 et
900 852 957 907 qua

91 925 94 930 ·
198 903 294 955 Mollia
306 920 435 957 nervosus
447 906 516 958 facit
533 906 688 959 internodia
702 922 738 974 po
758 904 808 958 les.

198 974 325 1041 Dumque
340 989 425 1026 manu
442 983 534 1027 tentat
544 975 656 1027 trabere
667 923 803 1026 exitiabile
814 972 912 1040 telum,

200 1040 295 1093 Altera
304 1057 356 1110 per
368 1042 494 1112 iugulum
506 1045 603 1112 pennis
617 1051 696 1095 tenus
714 1050 776 1096 acta
787 1041 887 1112 sagitta
904 1050 954 1097 est.

121 1115 124 1118 '
199 1109 310 1182 Expulit
321 1109 392 1162 banc
410 1112 528 1182 sanguis,
545 1128 631 1182 seque
643 1111 793 1164 eiaculatus
807 1110 837 1162 in
850 1112 940 1164 altum

131 1177 186 1234 260
200 1178 322 1245 Emicat,
346 1187 374 1232 et
389 1178 472 1250 longe
485 1183 626 1234 terebrata
642 1178 751 1249 prosilit
767 1196 843 1232 aura.

199 1246 317 1298 Ultimus
333 1246 451 1300 Ilioneus
464 1266 521 1301 non
533 1250 695 1318 profectura
714 1246 855 1315 precando

198 1315 316 1366 Brachia
330 1316 486 1382 sustulerat,
500 1317 595 1387 'dique
607 1320 641 1369 o!
658 1317 845 1369 communiter
858 1332 965 1384 omnes,

197 1381 319 1447 Dixerat,
340 1383 452 1453 ignarus
463 1402 520 1437 non
536 1402 633 1437 omnes
653 1401 711 1438 esse
731 1384 878 1456 rogandos,

199 1451 317 1503 Parcite.
350 1461 442 1504 motus
455 1463 524 1520 erat,
541 1471 608 1506 cum
620 1453 678 1506 iam
694 1452 853 1506 revocabile
872 1451 964 1507 telum

131 1517 184 1573 266
200 1521 263 1571 Non
274 1518 336 1586 fuit,
352 1520 528 1574 Arcitenens:
556 1522 673 1574 minimo
685 1530 779 1574 tamen
795 1520 898 1574 occidit
908 1521 958 1574 ille

197 1587 329 1654 Vulnere,
344 1605 401 1640 non
413 1590 469 1642 alte
479 1607 610 1659 percusso
623 1590 708 1644 corde
724 1590 833 1661 sagitta.

233 1658 318 1708 Fama
328 1656 413 1724 mali,
427 1660 578 1730 populique
593 1659 683 1725 dolor,
708 1658 896 1727 lacrimaeque
910 1674 1029 1714 suorum

198 1726 270 1778 Tam
281 1725 387 1777 subitas
401 1736 522 1779 matrem
534 1737 641 1781 certam
653 1727 748 1780 fecere
761 1728 873 1793 ,ruinae

200 1795 348 1846 Mirantem
362 1796 491 1863 potuisse,
506 1797 743 1865 irascentemque,
761 1795 836 1864 quod
854 1794 913 1847 ausi
984 1812 988 1818 ·

131 1862 185 1917 270
199 1865 260 1914 Hoc
273 1872 362 1914 essent
375 1865 480 1932 superi,
505 1865 580 1935 quod
594 1873 706 1916 tanturn
716 1864 784 1915 iuris
795 1864 940 1919 haberent.

199 1932 272 1984 Nam
283 1938 363 1998 pater
373 1934 518 1999 Amphion,
536 1935 613 1985 ferro
627 1950 678 2002 per
696 1941 792 2000 pectus
807 1932 916 2000 adacto,

200 1998 323 2052 Finierat
339 2000 459 2051 moriens
474 2001 579 2068 pariter
599 2018 665 2052 cuin
680 1999 743 2051 luce
761 1998 896 2054 dolorem.

200 2070 276 2121 Heu!
300 2076 433 2137 quantum
444 2068 613 2121 haecNiobe
632 2068 721 2120 Niobe
744 2066 863 2120 distabat
880 2067 916 2124 ab
933 2067 992 2141 ille,

203 2139 279 2198 Quae
293 2137 377 2188 niodo
395 2138 486 2189 Latois
502 2138 638 2206 populum
655 2137 831 2189 submoverat
851 2137 915 2204 aris,

133 2203 186 2261 275
202 2205 236 2255 Et
247 2202 368 2255 mediam
380 2204 482 2257 tulerat
496 2219 605 2275 gressus
621 2205 750 2273 resupina
764 2221 816 2322 per
832 2205 942 2273 urbem,

200 2271 338 2324 Invidiosa
349 2272 417 2333 suis;
442 2281 470 2324 at
480 2290 554 2324 nunc
565 2273 722 2328 miseranda
737 2289 770 2324 ve
793 2273 867 2324 hosti

203 2340 369 2407 Corporibus
379 2339 476 2409 gelidis
486 2340 631 2406 incumbit,
655 2350 683 2392 et
705 2339 802 2393 ordine
820 2339 899 2395 nullo

203 2408 303 2460 Oscula
315 2408 452 2476 dispensat
462 2418 542 2461 natos
558 2425 687 2477 suprema
699 2426 751 2477 per
768 2425 874 2462 omnes.

202 2481 227 2528 A
241 2477 340 2547 qiiibus
355 2476 390 2528 ad
403 2476 514 2528 coelum
525 2478 639 2529 liventia
655 2477 768 2529 brachia
781 2477 907 2546 tendens,

134 2544 188 2601 28⁰
202 2546 326 2612 Poscere,
342 2544 470 2610 crudelis,
486 2554 593 2611 nostro,
613 2545 729 2614 Latona,
746 2544 852 2612 dolore,

202 2615 341 2680 [Parcere
363 2614 411 2678 ait,
430 2614 553 2685 satisque
567 2632 632 2667 meo
649 2623 821 2683 tuapectora
832 2615 939 2686 luctus]

204 2684 313 2752 Corque
324 2683 417 2735 serum
429 2683 505 2748 satia,
523 2684 608 2735 dixit:
631 2682 792 2752 perfuncta
808 2693 915 2753 septem

202 2750 324 2803 Efferor:
349 2750 461 2816 exsulta,
478 2752 631 2822 victrixque
642 2751 754 2804 inimica
765 2750 916 2821 triumpha.

205 2821 259 2869 Gur
273 2827 367 2871 autem
380 2820 500 2871 victrix?
526 2821 643 2873 miserae
655 2819 739 2876 mihi‘
758 2820 820 2874 lura
830 2829 990 2901 supersunt,

135 2887 189 2943 285
206 2888 295 2949 Quam
308 2888 359 2940 tibi
371 2886 463 2939 felici:
487 2898 549 2957 post
561 2898 605 2941 tot
617 2903 726 2959 quoque
737 2837 838 2942 lunera
850 2906 942 2945 vinco.

203 2956 331 3007 Dixerat:
355 2955 477 3008 insonuit
490 2965 620 3009 contento
634 2973 735 3009 nervus
754 2958 789 3010 ab
811 2974 895 3023 arcu;

204 3022 273 3089 Qui,
299 3031 410 3092 praeter
421 3025 529 3081 Nioben
541 3043 635 3092 unam,
651 3026 806 3082 conterruit
820 3044 925 3082 ornnes.

203 3090 256 3143 Illa
266 3092 340 3144 malo
354 3101 395 3144 est
407 3092 504 3147 audax.
541 3096 658 3147 stabant
680 3111 745 3148 cum
757 3088 875 3149 restibus
893 3094 959 3151 atria

202 3163 361 3213 Aute'toros
371 3160 490 3215 fratrum
503 3161 621 3216 demisso
638 3164 715 3216 crine
725 3180 855 3219 sorores·

137 3229 190 3287 290
208 3230 229 3280 E
243 3229 341 3298 quibus
354 3245 419 3295 una,
446 3229 559 3283 trahens
577 3231 834 3286 haerentiariscere
846 3230 914 3304 tela,

205 3298 337 3367 Imposito
349 3297 432 3353 fratn
444 3299 612 3358 moribunda
622 3300 761 3374 relanguit
777 3318 835 3360 ore.
