<?xml version="1.0" encoding="UTF-8"?>
<!DOCTYPE html PUBLIC "-//W3C//DTD XHTML 1.0 Transitional//EN"
    "http://www.w3.org/TR/xhtml1/DTD/xhtml1-transitional.dtd">
<html xmlns="http://www.w3.org/1999/xhtml" xml:lang="en" lang="en">
 <head>
  <title>
</title>
<meta http-equiv="Content-Type" content="text/html;charset=utf-8" />
  <meta name='ocr-system' content='tesseract 3.04.00' />
  <meta name='ocr-capabilities' content='ocr_page ocr_carea ocr_par ocr_line ocrx_word'/>
</head>
<body>
  <div class='ocr_page' id='page_1' title='image "./operaomnia03ovidgoog/operaomnia03ovidgoog_0240.png"; bbox 0 0 2350 3834; ppageno 0'>
   <div class='ocr_carea' id='block_1_1' title="bbox 155 236 853 311">
    <p class='ocr_par' dir='ltr' id='par_1_1' title="bbox 155 236 853 311">
     <span class='ocr_line' id='line_1_1' title="bbox 155 236 853 311; baseline -0.014 -8"><span class='ocrx_word' id='word_1_1' title='bbox 155 239 232 311; x_wconf 62' lang='lat'><strong>282,</strong></span> <span class='ocrx_word' id='word_1_2' title='bbox 414 240 445 294; x_wconf 80' lang='grc' dir='ltr'><strong>Ρ.</strong></span> <span class='ocrx_word' id='word_1_3' title='bbox 468 238 625 295; x_wconf 85' lang='lat' dir='ltr'><strong>OVIDII</strong></span> <span class='ocrx_word' id='word_1_4' title='bbox 645 236 853 293; x_wconf 33' lang='lat' dir='ltr'><strong>,NASONIS</strong></span> 
     </span>
    </p>
   </div>
   <div class='ocr_carea' id='block_1_2' title="bbox 109 383 1146 3436">
    <p class='ocr_par' dir='ltr' id='par_1_2' title="bbox 155 383 976 525">
     <span class='ocr_line' id='line_1_2' title="bbox 155 383 976 449; baseline -0.002 -10"><span class='ocrx_word' id='word_1_5' title='bbox 155 389 209 448; x_wconf 76' lang='grc'><strong>380</strong></span> <span class='ocrx_word' id='word_1_6' title='bbox 224 386 289 439; x_wconf 84' lang='lat' dir='ltr'><strong>Este</strong></span> <span class='ocrx_word' id='word_1_7' title='bbox 301 384 360 438; x_wconf 88' lang='lat' dir='ltr'><strong>mei</strong></span> <span class='ocrx_word' id='word_1_8' title='bbox 370 401 525 439; x_wconf 87' lang='lat' dir='ltr'><strong>memores:</strong></span> <span class='ocrx_word' id='word_1_9' title='bbox 545 393 593 438; x_wconf 87' lang='lat' dir='ltr'><strong>aut</strong></span> <span class='ocrx_word' id='word_1_10' title='bbox 607 384 630 438; x_wconf 90' lang='lat' dir='ltr'><strong>si</strong></span> <span class='ocrx_word' id='word_1_11' title='bbox 642 384 712 437; x_wconf 88' lang='lat' dir='ltr'><strong>mihi</strong></span> <span class='ocrx_word' id='word_1_12' title='bbox 723 402 782 436; x_wconf 87' lang='lat' dir='ltr'><strong>non</strong></span> <span class='ocrx_word' id='word_1_13' title='bbox 795 383 866 436; x_wconf 89' lang='lat' dir='ltr'><strong>datis</strong></span> <span class='ocrx_word' id='word_1_14' title='bbox 882 398 976 449; x_wconf 84' lang='lat' dir='ltr'><strong>arma3</strong></span> 
     </span>
     <span class='ocr_line' id='line_1_3' title="bbox 224 454 966 525; baseline -0.001 -16"><span class='ocrx_word' id='word_1_15' title='bbox 224 454 296 509; x_wconf 84' lang='lat' dir='ltr'><strong>Huic</strong></span> <span class='ocrx_word' id='word_1_16' title='bbox 308 455 380 508; x_wconf 90' lang='lat' dir='ltr'><strong>date.</strong></span> <span class='ocrx_word' id='word_1_17' title='bbox 414 459 448 508; x_wconf 90' lang='lat' dir='ltr'><strong>Et</strong></span> <span class='ocrx_word' id='word_1_18' title='bbox 464 455 584 508; x_wconf 79' lang='lat' dir='ltr'><strong>ostendit</strong></span> <span class='ocrx_word' id='word_1_19' title='bbox 598 456 707 525; x_wconf 82' lang='lat' dir='ltr'><strong>signum</strong></span> <span class='ocrx_word' id='word_1_20' title='bbox 719 454 805 507; x_wconf 87' lang='lat' dir='ltr'><strong>fatale</strong></span> <span class='ocrx_word' id='word_1_21' title='bbox 816 454 966 508; x_wconf 80' lang='lat' dir='ltr'><strong>Minervae.</strong></span> 
     </span>
    </p>

    <p class='ocr_par' dir='ltr' id='par_1_3' title="bbox 210 523 1073 735">
     <span class='ocr_line' id='line_1_4' title="bbox 260 523 1073 606; baseline 0 -30"><span class='ocrx_word' id='word_1_22' title='bbox 260 526 337 576; x_wconf 87' lang='lat' dir='ltr'><strong>Mota</strong></span> <span class='ocrx_word' id='word_1_23' title='bbox 348 542 446 577; x_wconf 90' lang='lat' dir='ltr'><strong>manus</strong></span> <span class='ocrx_word' id='word_1_24' title='bbox 458 542 610 606; x_wconf 89' lang='lat' dir='ltr'><strong>procerum</strong></span> <span class='ocrx_word' id='word_1_25' title='bbox 626 533 682 588; x_wconf 83' lang='lat' dir='ltr'><strong>est3</strong></span> <span class='ocrx_word' id='word_1_26' title='bbox 701 532 737 591; x_wconf 91' lang='lat' dir='ltr'><strong>et,</strong></span> <span class='ocrx_word' id='word_1_27' title='bbox 756 524 823 594; x_wconf 92' lang='lat' dir='ltr'><strong>quid</strong></span> <span class='ocrx_word' id='word_1_28' title='bbox 835 523 969 576; x_wconf 89' lang='lat' dir='ltr'><strong>facundia</strong></span> <span class='ocrx_word' id='word_1_29' title='bbox 980 533 1073 595; x_wconf 85' lang='lat' dir='ltr'><strong>posset,</strong></span> 
     </span>
     <span class='ocr_line' id='line_1_5' title="bbox 210 593 907 664; baseline 0.001 -19"><span class='ocrx_word' id='word_1_30' title='bbox 210 595 265 646; x_wconf 64' lang='lat' dir='ltr'><strong>&#39;Re</strong></span> <span class='ocrx_word' id='word_1_31' title='bbox 275 594 379 663; x_wconf 85' lang='lat' dir='ltr'><strong>patuit3</strong></span> <span class='ocrx_word' id='word_1_32' title='bbox 398 595 536 664; x_wconf 79' lang='lat' dir='ltr'><strong>fortisque</strong></span> <span class='ocrx_word' id='word_1_33' title='bbox 545 595 599 645; x_wconf 82' lang='lat' dir='ltr'><strong>viri</strong></span> <span class='ocrx_word' id='word_1_34' title='bbox 608 593 674 645; x_wconf 88' lang='lat' dir='ltr'><strong>tulit</strong></span> <span class='ocrx_word' id='word_1_35' title='bbox 688 610 767 645; x_wconf 88' lang='lat' dir='ltr'><strong>arma</strong></span> <span class='ocrx_word' id='word_1_36' title='bbox 780 593 907 646; x_wconf 79' lang='lat' dir='ltr'><strong>disertus.</strong></span> 
     </span>
     <span class='ocr_line' id='line_1_6' title="bbox 224 662 1041 735; baseline 0.001 -21"><span class='ocrx_word' id='word_1_37' title='bbox 224 663 348 715; x_wconf 80' lang='lat' dir='ltr'><strong>Hectora</strong></span> <span class='ocrx_word' id='word_1_38' title='bbox 359 664 408 735; x_wconf 91' lang='lat' dir='ltr'><strong>qui</strong></span> <span class='ocrx_word' id='word_1_39' title='bbox 421 663 504 730; x_wconf 89' lang='lat' dir='ltr'><strong>solus,</strong></span> <span class='ocrx_word' id='word_1_40' title='bbox 523 663 571 734; x_wconf 90' lang='lat' dir='ltr'><strong>qui</strong></span> <span class='ocrx_word' id='word_1_41' title='bbox 581 664 699 728; x_wconf 89' lang='lat' dir='ltr'><strong>ferrum,</strong></span> <span class='ocrx_word' id='word_1_42' title='bbox 717 662 876 734; x_wconf 81' lang='lat' dir='ltr'>ignemque,</span> <span class='ocrx_word' id='word_1_43' title='bbox 892 667 1041 734; x_wconf 85' lang='lat' dir='ltr'><strong>Iovemque</strong></span> 
     </span>
    </p>

    <p class='ocr_par' dir='ltr' id='par_1_4' title="bbox 155 732 999 881">
     <span class='ocr_line' id='line_1_7' title="bbox 155 732 999 799; baseline 0 -16"><span class='ocrx_word' id='word_1_44' title='bbox 155 734 207 792; x_wconf 80' lang='grc'><strong>385</strong></span> <span class='ocrx_word' id='word_1_45' title='bbox 223 732 359 784; x_wconf 77' lang='lat' dir='ltr'><strong>Sustinuit</strong></span> <span class='ocrx_word' id='word_1_46' title='bbox 371 732 464 799; x_wconf 90' lang='lat' dir='ltr'><strong>toties,</strong></span> <span class='ocrx_word' id='word_1_47' title='bbox 480 748 565 785; x_wconf 90' lang='lat' dir='ltr'><strong>unam</strong></span> <span class='ocrx_word' id='word_1_48' title='bbox 578 751 637 784; x_wconf 91' lang='lat' dir='ltr'><strong>non</strong></span> <span class='ocrx_word' id='word_1_49' title='bbox 651 732 768 784; x_wconf 87' lang='lat' dir='ltr'><strong>sustinet</strong></span> <span class='ocrx_word' id='word_1_50' title='bbox 780 732 870 784; x_wconf 87' lang='lat' dir='ltr'><strong>iram:</strong></span> <span class='ocrx_word' id='word_1_51' title='bbox 995 790 999 797; x_wconf 33' lang='lat'>¹</span> 
     </span>
     <span class='ocr_line' id='line_1_8' title="bbox 225 801 989 881; baseline 0.001 -28"><span class='ocrx_word' id='word_1_52' title='bbox 225 802 365 854; x_wconf 83' lang='lat' dir='ltr'><strong>Invictum</strong></span> <span class='ocrx_word' id='word_1_53' title='bbox 407 819 422 854; x_wconf 89' lang='lat' dir='ltr'><strong>e</strong></span> <span class='ocrx_word' id='word_1_54' title='bbox 435 803 527 854; x_wconf 80' lang='lat' dir='ltr'><strong>virum</strong></span> <span class='ocrx_word' id='word_1_55' title='bbox 538 802 625 855; x_wconf 78' lang='lat' dir='ltr'><strong>vincit</strong></span> <span class='ocrx_word' id='word_1_56' title='bbox 639 801 728 853; x_wconf 92' lang='lat' dir='ltr'><strong>dolor.</strong></span> <span class='ocrx_word' id='word_1_57' title='bbox 765 801 871 881; x_wconf 79' lang='lat' dir='ltr'><strong>Arripit</strong></span> <span class='ocrx_word' id='word_1_58' title='bbox 884 817 989 868; x_wconf 89' lang='lat' dir='ltr'><strong>ensem,</strong></span> 
     </span>
    </p>

    <p class='ocr_par' dir='ltr' id='par_1_5' title="bbox 224 868 1095 1082">
     <span class='ocr_line' id='line_1_9' title="bbox 224 868 1095 938; baseline 0 -17"><span class='ocrx_word' id='word_1_59' title='bbox 224 871 268 937; x_wconf 84' lang='lat' dir='ltr'><strong>Et,</strong></span> <span class='ocrx_word' id='word_1_60' title='bbox 286 873 363 923; x_wconf 87' lang='lat' dir='ltr'><strong>Meus</strong></span> <span class='ocrx_word' id='word_1_61' title='bbox 395 872 422 924; x_wconf 92' lang='lat' dir='ltr'><strong>ic</strong></span> <span class='ocrx_word' id='word_1_62' title='bbox 443 880 519 924; x_wconf 88' lang='lat' dir='ltr'><strong>certe</strong></span> <span class='ocrx_word' id='word_1_63' title='bbox 540 880 591 924; x_wconf 89' lang='lat' dir='ltr'><strong>est.</strong></span> <span class='ocrx_word' id='word_1_64' title='bbox 625 875 667 922; x_wconf 83' lang='lat' dir='ltr'><strong>An</strong></span> <span class='ocrx_word' id='word_1_65' title='bbox 682 879 711 922; x_wconf 89' lang='lat' dir='ltr'><strong>et</strong></span> <span class='ocrx_word' id='word_1_66' title='bbox 727 869 802 922; x_wconf 91' lang='lat' dir='ltr'><strong>hunc</strong></span> <span class='ocrx_word' id='word_1_67' title='bbox 815 870 869 921; x_wconf 79' lang='lat' dir='ltr'><strong>srhi</strong></span> <span class='ocrx_word' id='word_1_68' title='bbox 879 880 977 938; x_wconf 87' lang='lat' dir='ltr'><strong>poscet</strong></span> <span class='ocrx_word' id='word_1_69' title='bbox 999 868 1095 923; x_wconf 76' lang='lat' dir='ltr'><strong>Ulixes?</strong></span> 
     </span>
     <span class='ocr_line' id='line_1_10' title="bbox 224 939 997 1010; baseline 0 -18"><span class='ocrx_word' id='word_1_70' title='bbox 224 942 294 1005; x_wconf 88' lang='lat' dir='ltr'><strong>Hoc,</strong></span> <span class='ocrx_word' id='word_1_71' title='bbox 313 941 361 1008; x_wconf 86' lang='lat' dir='ltr'><strong>ait,</strong></span> <span class='ocrx_word' id='word_1_72' title='bbox 378 941 512 993; x_wconf 87' lang='lat' dir='ltr'><strong>utendum</strong></span> <span class='ocrx_word' id='word_1_73' title='bbox 524 940 605 993; x_wconf 89' lang='lat' dir='ltr'><strong>estin</strong></span> <span class='ocrx_word' id='word_1_74' title='bbox 618 955 664 991; x_wconf 90' lang='lat' dir='ltr'><strong>me</strong></span> <span class='ocrx_word' id='word_1_75' title='bbox 677 939 761 992; x_wconf 89' lang='lat' dir='ltr'><strong>mihi:</strong></span> <span class='ocrx_word' id='word_1_76' title='bbox 780 939 885 1010; x_wconf 89' lang='lat' dir='ltr'><strong>quique</strong></span> <span class='ocrx_word' id='word_1_77' title='bbox 896 955 997 992; x_wconf 88' lang='lat' dir='ltr'><strong>cruore</strong></span> 
     </span>
     <span class='ocr_line' id='line_1_11' title="bbox 224 1008 1056 1082; baseline 0.002 -22"><span class='ocrx_word' id='word_1_78' title='bbox 224 1012 314 1078; x_wconf 76' lang='lat' dir='ltr'><strong>Saepe</strong></span> <span class='ocrx_word' id='word_1_79' title='bbox 324 1010 465 1082; x_wconf 82' lang='lat' dir='ltr'><strong>Phrygum</strong></span> <span class='ocrx_word' id='word_1_80' title='bbox 475 1008 592 1075; x_wconf 75' lang='lat' dir='ltr'><strong>mdduit,</strong></span> <span class='ocrx_word' id='word_1_81' title='bbox 610 1009 717 1061; x_wconf 88' lang='lat' dir='ltr'><strong>domini</strong></span> <span class='ocrx_word' id='word_1_82' title='bbox 730 1026 805 1062; x_wconf 88' lang='lat' dir='ltr'><strong>nunc</strong></span> <span class='ocrx_word' id='word_1_83' title='bbox 819 1009 906 1061; x_wconf 88' lang='lat' dir='ltr'><strong>caede</strong></span> <span class='ocrx_word' id='word_1_84' title='bbox 922 1009 1056 1077; x_wconf 76' lang='lat' dir='ltr'><strong>madebit3</strong></span> 
     </span>
    </p>

    <p class='ocr_par' dir='ltr' id='par_1_6' title="bbox 121 1077 1007 1476">
     <span class='ocr_line' id='line_1_12' title="bbox 121 1077 966 1150; baseline 0 -18"><span class='ocrx_word' id='word_1_85' title='bbox 121 1081 126 1091; x_wconf 86' lang='lat'>&#39;</span> <span class='ocrx_word' id='word_1_86' title='bbox 154 1080 210 1139; x_wconf 81' lang='grc'><strong>890</strong></span> <span class='ocrx_word' id='word_1_87' title='bbox 224 1080 267 1132; x_wconf 89' lang='lat' dir='ltr'><strong>Ne</strong></span> <span class='ocrx_word' id='word_1_88' title='bbox 279 1079 428 1150; x_wconf 86' lang='lat' dir='ltr'><strong>quisquam</strong></span> <span class='ocrx_word' id='word_1_89' title='bbox 440 1080 554 1131; x_wconf 74' lang='lat' dir='ltr'><strong>Aiacem</strong></span> <span class='ocrx_word' id='word_1_90' title='bbox 566 1079 654 1147; x_wconf 86' lang='lat' dir='ltr'><strong>possit</strong></span> <span class='ocrx_word' id='word_1_91' title='bbox 666 1095 806 1147; x_wconf 89' lang='lat' dir='ltr'><strong>superare,</strong></span> <span class='ocrx_word' id='word_1_92' title='bbox 824 1077 878 1129; x_wconf 87' lang='lat' dir='ltr'><strong>nisi</strong></span> <span class='ocrx_word' id='word_1_93' title='bbox 889 1077 966 1132; x_wconf 81' lang='lat' dir='ltr'><strong>Aiax.</strong></span> 
     </span>
     <span class='ocr_line' id='line_1_13' title="bbox 224 1147 1007 1269; baseline 0.001 -69"><span class='ocrx_word' id='word_1_94' title='bbox 224 1149 311 1201; x_wconf 82' lang='lat' dir='ltr'><strong>Dixit:</strong></span> <span class='ocrx_word' id='word_1_95' title='bbox 331 1158 359 1201; x_wconf 89' lang='lat' dir='ltr'><strong>et</strong></span> <span class='ocrx_word' id='word_1_96' title='bbox 373 1149 403 1200; x_wconf 89' lang='lat' dir='ltr'><strong>in</strong></span> <span class='ocrx_word' id='word_1_97' title='bbox 417 1157 525 1218; x_wconf 87' lang='lat' dir='ltr'><strong>pectus,</strong></span> <span class='ocrx_word' id='word_1_98' title='bbox 543 1157 608 1200; x_wconf 88' lang='lat' dir='ltr'><strong>tum</strong></span> <span class='ocrx_word' id='word_1_99' title='bbox 620 1147 741 1269; x_wconf 79' lang='lat' dir='ltr'><strong>denique</strong></span> <span class='ocrx_word' id='word_1_100' title='bbox 754 1148 871 1199; x_wconf 82' lang='lat' dir='ltr'><strong>vulnera</strong></span> <span class='ocrx_word' id='word_1_101' title='bbox 885 1164 1007 1217; x_wconf 83' lang='lat' dir='ltr'><strong>passum,</strong></span> 
     </span>
     <span class='ocr_line' id='line_1_14' title="bbox 225 1217 880 1286; baseline 0.005 -18"><span class='ocrx_word' id='word_1_102' title='bbox 225 1219 287 1281; x_wconf 90' lang='lat' dir='ltr'><strong>Qua</strong></span> <span class='ocrx_word' id='word_1_103' title='bbox 300 1217 391 1286; x_wconf 89' lang='lat' dir='ltr'><strong>patuit</strong></span> <span class='ocrx_word' id='word_1_104' title='bbox 402 1218 488 1285; x_wconf 91' lang='lat' dir='ltr'><strong>ferro,</strong></span> <span class='ocrx_word' id='word_1_105' title='bbox 508 1217 622 1270; x_wconf 88' lang='lat' dir='ltr'><strong>letalem</strong></span> <span class='ocrx_word' id='word_1_106' title='bbox 635 1234 689 1270; x_wconf 94' lang='lat' dir='ltr'><strong>con</strong></span> <span class='ocrx_word' id='word_1_107' title='bbox 710 1218 761 1269; x_wconf 88' lang='lat' dir='ltr'><strong>idit</strong></span> <span class='ocrx_word' id='word_1_108' title='bbox 776 1233 880 1271; x_wconf 83' lang='lat' dir='ltr'><strong>ensem.</strong></span> 
     </span>
     <span class='ocr_line' id='line_1_15' title="bbox 223 1285 903 1349; baseline -0.003 -9"><span class='ocrx_word' id='word_1_109' title='bbox 223 1287 284 1340; x_wconf 87' lang='lat' dir='ltr'><strong>Nec</strong></span> <span class='ocrx_word' id='word_1_110' title='bbox 294 1287 410 1339; x_wconf 75' lang='lat' dir='ltr'><strong>valuere</strong></span> <span class='ocrx_word' id='word_1_111' title='bbox 423 1304 521 1340; x_wconf 86' lang='lat' dir='ltr'><strong>manus</strong></span> <span class='ocrx_word' id='word_1_112' title='bbox 536 1288 654 1338; x_wconf 84' lang='lat' dir='ltr'><strong>infixum</strong></span> <span class='ocrx_word' id='word_1_113' title='bbox 665 1287 784 1339; x_wconf 82' lang='lat' dir='ltr'>educere</span> <span class='ocrx_word' id='word_1_114' title='bbox 798 1285 903 1349; x_wconf 87' lang='lat' dir='ltr'><strong>telum;</strong></span> 
     </span>
     <span class='ocr_line' id='line_1_16' title="bbox 224 1355 985 1476; baseline 0.003 -69"><span class='ocrx_word' id='word_1_115' title='bbox 224 1355 335 1425; x_wconf 81' lang='lat' dir='ltr'><strong>Expulit</strong></span> <span class='ocrx_word' id='word_1_116' title='bbox 346 1356 404 1424; x_wconf 87' lang='lat' dir='ltr'><strong>ipse</strong></span> <span class='ocrx_word' id='word_1_117' title='bbox 417 1374 515 1420; x_wconf 79' lang='lat' dir='ltr'><strong>cruor3</strong></span> <span class='ocrx_word' id='word_1_118' title='bbox 533 1356 739 1426; x_wconf 79' lang='lat' dir='ltr'><strong>rubefactaque</strong></span> <span class='ocrx_word' id='word_1_119' title='bbox 751 1357 885 1476; x_wconf 41' lang='lat' dir='ltr'><strong>seq-puina</strong></span> <span class='ocrx_word' id='word_1_120' title='bbox 898 1355 985 1409; x_wconf 79' lang='lat' dir='ltr'><strong>tellus</strong></span> 
     </span>
    </p>

    <p class='ocr_par' dir='ltr' id='par_1_7' title="bbox 153 1425 1029 1772">
     <span class='ocr_line' id='line_1_17' title="bbox 153 1425 903 1494; baseline 0 -18"><span class='ocrx_word' id='word_1_121' title='bbox 153 1427 207 1485; x_wconf 77' lang='lat'><strong>896</strong></span> <span class='ocrx_word' id='word_1_122' title='bbox 223 1426 401 1493; x_wconf 88' lang='lat' dir='ltr'><strong>Purpureum</strong></span> <span class='ocrx_word' id='word_1_123' title='bbox 415 1425 498 1477; x_wconf 80' lang='lat' dir='ltr'><strong>viridi</strong></span> <span class='ocrx_word' id='word_1_124' title='bbox 532 1426 608 1477; x_wconf 87' lang='lat' dir='ltr'><strong>enuit</strong></span> <span class='ocrx_word' id='word_1_125' title='bbox 623 1425 657 1477; x_wconf 89' lang='lat' dir='ltr'><strong>de</strong></span> <span class='ocrx_word' id='word_1_126' title='bbox 672 1426 775 1494; x_wconf 83' lang='lat' dir='ltr'><strong>cespite</strong></span> <span class='ocrx_word' id='word_1_127' title='bbox 814 1441 903 1493; x_wconf 90' lang='lat' dir='ltr'><strong>orem,</strong></span> 
     </span>
     <span class='ocr_line' id='line_1_18' title="bbox 224 1443 886 1562; baseline 0.005 -18"><span class='ocrx_word' id='word_1_128' title='bbox 224 1493 279 1557; x_wconf 87' lang='lat' dir='ltr'><strong>Qui</strong></span> <span class='ocrx_word' id='word_1_129' title='bbox 293 1494 370 1562; x_wconf 82' lang='lat' dir='ltr'><strong>priua</strong></span> <span class='ocrx_word' id='word_1_130' title='bbox 384 1495 497 1546; x_wconf 86' lang='lat' dir='ltr'><strong>Oebalio</strong></span> <span class='ocrx_word' id='word_1_131' title='bbox 511 1443 606 1546; x_wconf 73' lang='lat' dir='ltr'><strong>luerat</strong></span> <span class='ocrx_word' id='word_1_132' title='bbox 619 1494 653 1546; x_wconf 92' lang='lat' dir='ltr'><strong>de</strong></span> <span class='ocrx_word' id='word_1_133' title='bbox 667 1494 782 1549; x_wconf 76' lang='lat' dir='ltr'><strong>maluere</strong></span> <span class='ocrx_word' id='word_1_134' title='bbox 797 1503 886 1547; x_wconf 83' lang='lat' dir='ltr'><strong>natus.</strong></span> 
     </span>
     <span class='ocr_line' id='line_1_19' title="bbox 221 1563 903 1634; baseline -0.001 -18"><span class='ocrx_word' id='word_1_135' title='bbox 221 1563 330 1616; x_wconf 86' lang='lat' dir='ltr'><strong>Littera</strong></span> <span class='ocrx_word' id='word_1_136' title='bbox 345 1565 502 1615; x_wconf 89' lang='lat' dir='ltr'><strong>communis</strong></span> <span class='ocrx_word' id='word_1_137' title='bbox 514 1565 613 1616; x_wconf 88' lang='lat' dir='ltr'><strong>mediis</strong></span> <span class='ocrx_word' id='word_1_138' title='bbox 627 1580 773 1634; x_wconf 89' lang='lat' dir='ltr'><strong>pueroque</strong></span> <span class='ocrx_word' id='word_1_139' title='bbox 785 1563 903 1633; x_wconf 90' lang='lat' dir='ltr'><strong>viroque</strong></span> 
     </span>
     <span class='ocr_line' id='line_1_20' title="bbox 222 1631 973 1702; baseline 0 -17"><span class='ocrx_word' id='word_1_140' title='bbox 222 1632 358 1701; x_wconf 85' lang='lat' dir='ltr'><strong>Inscripta</strong></span> <span class='ocrx_word' id='word_1_141' title='bbox 374 1642 414 1685; x_wconf 88' lang='lat' dir='ltr'><strong>est</strong></span> <span class='ocrx_word' id='word_1_142' title='bbox 428 1633 519 1686; x_wconf 90' lang='lat' dir='ltr'><strong>foliis:</strong></span> <span class='ocrx_word' id='word_1_143' title='bbox 537 1633 608 1686; x_wconf 89' lang='lat' dir='ltr'><strong>haec</strong></span> <span class='ocrx_word' id='word_1_144' title='bbox 620 1634 749 1700; x_wconf 87' lang='lat' dir='ltr'><strong>nominis,</strong></span> <span class='ocrx_word' id='word_1_145' title='bbox 767 1633 816 1684; x_wconf 92' lang='lat' dir='ltr'><strong>illa</strong></span> <span class='ocrx_word' id='word_1_146' title='bbox 832 1631 973 1702; x_wconf 84' lang='lat' dir='ltr'><strong>querelae.</strong></span> 
     </span>
     <span class='ocr_line' id='line_1_21' title="bbox 255 1701 1029 1772; baseline -0.001 -17"><span class='ocrx_word' id='word_1_147' title='bbox 255 1701 355 1755; x_wconf 81' lang='lat' dir='ltr'><strong>Victor</strong></span> <span class='ocrx_word' id='word_1_148' title='bbox 369 1702 404 1754; x_wconf 92' lang='lat' dir='ltr'><strong>ad</strong></span> <span class='ocrx_word' id='word_1_149' title='bbox 418 1703 580 1772; x_wconf 85' lang='lat' dir='ltr'><strong>Hypsipyles</strong></span> <span class='ocrx_word' id='word_1_150' title='bbox 598 1703 726 1772; x_wconf 84' lang='lat' dir='ltr'><strong>patriam,</strong></span> <span class='ocrx_word' id='word_1_151' title='bbox 746 1702 872 1771; x_wconf 88' lang='lat' dir='ltr'><strong>clarique</strong></span> <span class='ocrx_word' id='word_1_152' title='bbox 886 1701 1029 1769; x_wconf 81' lang='lat' dir='ltr'><strong>Thoantis,</strong></span> 
     </span>
    </p>

    <p class='ocr_par' dir='ltr' id='par_1_8' title="bbox 151 1770 1146 2048">
     <span class='ocr_line' id='line_1_22' title="bbox 151 1770 1145 1838; baseline -0.005 -10"><span class='ocrx_word' id='word_1_153' title='bbox 151 1770 206 1828; x_wconf 81' lang='lat'><strong>400</strong></span> <span class='ocrx_word' id='word_1_154' title='bbox 222 1771 257 1824; x_wconf 84' lang='lat' dir='ltr'><strong>Et</strong></span> <span class='ocrx_word' id='word_1_155' title='bbox 269 1780 398 1824; x_wconf 83' lang='lat' dir='ltr'><strong>veterum</strong></span> <span class='ocrx_word' id='word_1_156' title='bbox 409 1781 499 1825; x_wconf 89' lang='lat' dir='ltr'><strong>terras</strong></span> <span class='ocrx_word' id='word_1_157' title='bbox 515 1773 635 1824; x_wconf 84' lang='lat' dir='ltr'><strong>infames</strong></span> <span class='ocrx_word' id='word_1_158' title='bbox 648 1773 734 1825; x_wconf 90' lang='lat' dir='ltr'><strong>caede</strong></span> <span class='ocrx_word' id='word_1_159' title='bbox 748 1772 883 1838; x_wconf 80' lang='lat' dir='ltr'><strong>virorum,</strong></span> <span class='ocrx_word' id='word_1_160' title='bbox 1144 1774 1145 1777; x_wconf 76' lang='grc'>’</span> 
     </span>
     <span class='ocr_line' id='line_1_23' title="bbox 221 1810 1146 1911; baseline 0.002 -18"><span class='ocrx_word' id='word_1_161' title='bbox 221 1839 291 1893; x_wconf 82' lang='lat' dir='ltr'><strong>Vela</strong></span> <span class='ocrx_word' id='word_1_162' title='bbox 305 1840 361 1907; x_wconf 90' lang='lat' dir='ltr'><strong>dat,</strong></span> <span class='ocrx_word' id='word_1_163' title='bbox 380 1849 412 1893; x_wconf 91' lang='lat' dir='ltr'><strong>ut</strong></span> <span class='ocrx_word' id='word_1_164' title='bbox 425 1842 539 1909; x_wconf 88' lang='lat' dir='ltr'><strong>referat,</strong></span> <span class='ocrx_word' id='word_1_165' title='bbox 557 1842 702 1910; x_wconf 82' lang='lat' dir='ltr'><strong>Tirynthia</strong></span> <span class='ocrx_word' id='word_1_166' title='bbox 720 1841 786 1906; x_wconf 89' lang='lat' dir='ltr'><strong>tela,</strong></span> <span class='ocrx_word' id='word_1_167' title='bbox 805 1841 928 1911; x_wconf 79' lang='lat' dir='ltr'><strong>sagittas.</strong></span> <span class='ocrx_word' id='word_1_168' title='bbox 1143 1810 1146 1895; x_wconf 78' lang='lat' dir='ltr'><strong>l</strong></span> 
     </span>
     <span class='ocr_line' id='line_1_24' title="bbox 222 1906 1144 1991; baseline 0.001 -30"><span class='ocrx_word' id='word_1_169' title='bbox 222 1913 301 1975; x_wconf 85' lang='lat' dir='ltr'><strong>Quae</strong></span> <span class='ocrx_word' id='word_1_170' title='bbox 318 1919 469 1991; x_wconf 88' lang='lat' dir='ltr'><strong>postquam</strong></span> <span class='ocrx_word' id='word_1_171' title='bbox 486 1911 522 1963; x_wconf 88' lang='lat' dir='ltr'><strong>ad</strong></span> <span class='ocrx_word' id='word_1_172' title='bbox 544 1911 651 1977; x_wconf 85' lang='lat' dir='ltr'><strong>Graios,</strong></span> <span class='ocrx_word' id='word_1_173' title='bbox 669 1911 782 1963; x_wconf 90' lang='lat' dir='ltr'><strong>domino</strong></span> <span class='ocrx_word' id='word_1_174' title='bbox 804 1911 969 1982; x_wconf 87' lang='lat' dir='ltr'><strong>comitante,</strong></span> <span class='ocrx_word' id='word_1_175' title='bbox 986 1908 1096 1972; x_wconf 81' lang='lat' dir='ltr'><strong>revexit3</strong></span> <span class='ocrx_word' id='word_1_176' title='bbox 1141 1906 1144 1991; x_wconf 62' lang='grc' dir='ltr'>Ι</span> 
     </span>
     <span class='ocr_line' id='line_1_25' title="bbox 220 1980 935 2048; baseline 0.003 -16"><span class='ocrx_word' id='word_1_177' title='bbox 220 1984 354 2048; x_wconf 77' lang='lat' dir='ltr'><strong>Imposita</strong></span> <span class='ocrx_word' id='word_1_178' title='bbox 370 1990 411 2033; x_wconf 91' lang='lat' dir='ltr'><strong>est</strong></span> <span class='ocrx_word' id='word_1_179' title='bbox 424 1998 486 2033; x_wconf 90' lang='lat' dir='ltr'><strong>sero</strong></span> <span class='ocrx_word' id='word_1_180' title='bbox 500 1981 616 2033; x_wconf 90' lang='lat' dir='ltr'><strong>tandem</strong></span> <span class='ocrx_word' id='word_1_181' title='bbox 626 1997 726 2032; x_wconf 91' lang='lat' dir='ltr'><strong>manus</strong></span> <span class='ocrx_word' id='word_1_182' title='bbox 737 1981 838 2033; x_wconf 88' lang='lat' dir='ltr'><strong>ultima</strong></span> <span class='ocrx_word' id='word_1_183' title='bbox 850 1980 935 2034; x_wconf 87' lang='lat' dir='ltr'><strong>bello.</strong></span> 
     </span>
    </p>

    <p class='ocr_par' dir='ltr' id='par_1_9' title="bbox 109 2048 1035 2188">
     <span class='ocr_line' id='line_1_26' title="bbox 220 2048 1035 2121; baseline 0.006 -21"><span class='ocrx_word' id='word_1_184' title='bbox 220 2049 305 2101; x_wconf 87' lang='lat' dir='ltr'><strong>Troia</strong></span> <span class='ocrx_word' id='word_1_185' title='bbox 320 2049 402 2101; x_wconf 84' lang='lat' dir='ltr'><strong>simul</strong></span> <span class='ocrx_word' id='word_1_186' title='bbox 417 2052 600 2121; x_wconf 85' lang='lat' dir='ltr'><strong>Priamusque</strong></span> <span class='ocrx_word' id='word_1_187' title='bbox 612 2050 732 2102; x_wconf 83' lang='lat' dir='ltr'><strong>eadunt:</strong></span> <span class='ocrx_word' id='word_1_188' title='bbox 751 2048 890 2101; x_wconf 84' lang='lat' dir='ltr'><strong>Priameia</strong></span> <span class='ocrx_word' id='word_1_189' title='bbox 903 2052 1006 2104; x_wconf 81' lang='lat' dir='ltr'><strong>coniux</strong></span> <span class='ocrx_word' id='word_1_190' title='bbox 1031 2106 1035 2117; x_wconf 67' lang='grc'>,</span> 
     </span>
     <span class='ocr_line' id='line_1_27' title="bbox 109 2116 918 2188; baseline 0.001 -17"><span class='ocrx_word' id='word_1_191' title='bbox 109 2165 122 2171; x_wconf 88' lang='grc'>-</span> <span class='ocrx_word' id='word_1_192' title='bbox 150 2116 203 2177; x_wconf 84' lang='grc'><strong>405</strong></span> <span class='ocrx_word' id='word_1_193' title='bbox 219 2118 343 2171; x_wconf 85' lang='lat' dir='ltr'><strong>Perdidit</strong></span> <span class='ocrx_word' id='word_1_194' title='bbox 355 2119 453 2171; x_wconf 79' lang='lat' dir='ltr'><strong>infelix</strong></span> <span class='ocrx_word' id='word_1_195' title='bbox 463 2120 585 2171; x_wconf 88' lang='lat' dir='ltr'><strong>hominis</strong></span> <span class='ocrx_word' id='word_1_196' title='bbox 597 2128 662 2188; x_wconf 85' lang='lat' dir='ltr'><strong>post</strong></span> <span class='ocrx_word' id='word_1_197' title='bbox 677 2120 772 2171; x_wconf 88' lang='lat' dir='ltr'><strong>omnia</strong></span> <span class='ocrx_word' id='word_1_198' title='bbox 785 2118 918 2188; x_wconf 88' lang='lat' dir='ltr'><strong>formam,</strong></span> 
     </span>
    </p>

    <p class='ocr_par' dir='ltr' id='par_1_10' title="bbox 221 2189 831 2259">
     <span class='ocr_line' id='line_1_28' title="bbox 221 2189 831 2259; baseline 0 -18"><span class='ocrx_word' id='word_1_199' title='bbox 221 2190 410 2259; x_wconf 84' lang='lat' dir='ltr'><strong>Externasque</strong></span> <span class='ocrx_word' id='word_1_200' title='bbox 422 2207 495 2242; x_wconf 93' lang='lat' dir='ltr'><strong>novo</strong></span> <span class='ocrx_word' id='word_1_201' title='bbox 510 2189 614 2241; x_wconf 86' lang='lat' dir='ltr'><strong>latratu</strong></span> <span class='ocrx_word' id='word_1_202' title='bbox 627 2189 728 2241; x_wconf 90' lang='lat' dir='ltr'><strong>terruit</strong></span> <span class='ocrx_word' id='word_1_203' title='bbox 741 2204 831 2241; x_wconf 82' lang='lat' dir='ltr'><strong>auras.</strong></span> 
     </span>
    </p>

    <p class='ocr_par' dir='ltr' id='par_1_11' title="bbox 222 2257 986 2329">
     <span class='ocr_line' id='line_1_29' title="bbox 222 2257 986 2329; baseline 0.001 -18"><span class='ocrx_word' id='word_1_204' title='bbox 222 2258 335 2328; x_wconf 81' lang='lat' dir='ltr'><strong>Longus</strong></span> <span class='ocrx_word' id='word_1_205' title='bbox 353 2258 382 2309; x_wconf 91' lang='lat' dir='ltr'><strong>in</strong></span> <span class='ocrx_word' id='word_1_206' title='bbox 397 2267 614 2329; x_wconf 82' lang='lat' dir='ltr'><strong>angustumque</strong></span> <span class='ocrx_word' id='word_1_207' title='bbox 630 2258 770 2311; x_wconf 82' lang='lat' dir='ltr'><strong>clauditur</strong></span> <span class='ocrx_word' id='word_1_208' title='bbox 783 2257 986 2328; x_wconf 81' lang='lat' dir='ltr'><strong>Hellespontus,</strong></span> 
     </span>
    </p>

    <p class='ocr_par' dir='ltr' id='par_1_12' title="bbox 220 2325 928 2399">
     <span class='ocr_line' id='line_1_30' title="bbox 220 2325 928 2399; baseline 0.001 -20"><span class='ocrx_word' id='word_1_209' title='bbox 220 2325 294 2379; x_wconf 89' lang='lat' dir='ltr'><strong>Ilion</strong></span> <span class='ocrx_word' id='word_1_210' title='bbox 306 2326 432 2390; x_wconf 87' lang='lat' dir='ltr'><strong>ardebat,</strong></span> <span class='ocrx_word' id='word_1_211' title='bbox 450 2344 542 2399; x_wconf 89' lang='lat' dir='ltr'><strong>neque</strong></span> <span class='ocrx_word' id='word_1_212' title='bbox 556 2328 647 2380; x_wconf 90' lang='lat' dir='ltr'><strong>adbuc</strong></span> <span class='ocrx_word' id='word_1_213' title='bbox 663 2327 829 2380; x_wconf 83' lang='lat' dir='ltr'><strong>consederat</strong></span> <span class='ocrx_word' id='word_1_214' title='bbox 840 2327 928 2398; x_wconf 77' lang='lat' dir='ltr'><strong>ignis:</strong></span> 
     </span>
    </p>

    <p class='ocr_par' dir='ltr' id='par_1_13' title="bbox 219 2396 911 2467">
     <span class='ocr_line' id='line_1_31' title="bbox 219 2396 911 2467; baseline 0.003 -20"><span class='ocrx_word' id='word_1_215' title='bbox 219 2396 413 2467; x_wconf 82' lang='lat' dir='ltr'><strong>Exiguumque</strong></span> <span class='ocrx_word' id='word_1_216' title='bbox 427 2397 498 2449; x_wconf 87' lang='lat' dir='ltr'><strong>senis</strong></span> <span class='ocrx_word' id='word_1_217' title='bbox 509 2397 613 2449; x_wconf 84' lang='lat' dir='ltr'><strong>Priami</strong></span> <span class='ocrx_word' id='word_1_218' title='bbox 627 2398 698 2449; x_wconf 79' lang='lat' dir='ltr'><strong>Iovis</strong></span> <span class='ocrx_word' id='word_1_219' title='bbox 713 2415 762 2449; x_wconf 91' lang='lat' dir='ltr'><strong>ara</strong></span> <span class='ocrx_word' id='word_1_220' title='bbox 778 2413 911 2463; x_wconf 69' lang='lat' dir='ltr'><strong>eruorem</strong></span> 
     </span>
    </p>

    <p class='ocr_par' dir='ltr' id='par_1_14' title="bbox 150 2461 1019 2814">
     <span class='ocr_line' id='line_1_32' title="bbox 150 2461 933 2522; baseline 0.003 -6"><span class='ocrx_word' id='word_1_221' title='bbox 150 2461 205 2522; x_wconf 79' lang='lat'><strong>410</strong></span> <span class='ocrx_word' id='word_1_222' title='bbox 223 2466 409 2519; x_wconf 81' lang='lat' dir='ltr'><strong>combiberat.</strong></span> <span class='ocrx_word' id='word_1_223' title='bbox 445 2469 576 2520; x_wconf 86' lang='lat' dir='ltr'><strong>Tractata</strong></span> <span class='ocrx_word' id='word_1_224' title='bbox 592 2468 679 2519; x_wconf 90' lang='lat' dir='ltr'><strong>comis</strong></span> <span class='ocrx_word' id='word_1_225' title='bbox 693 2465 817 2518; x_wconf 86' lang='lat' dir='ltr'><strong>antistita</strong></span> <span class='ocrx_word' id='word_1_226' title='bbox 827 2465 933 2518; x_wconf 85' lang='lat' dir='ltr'><strong>Phoebi</strong></span> 
     </span>
     <span class='ocr_line' id='line_1_33' title="bbox 219 2535 932 2604; baseline 0 -16"><span class='ocrx_word' id='word_1_227' title='bbox 219 2537 283 2588; x_wconf 90' lang='lat' dir='ltr'><strong>Non</strong></span> <span class='ocrx_word' id='word_1_228' title='bbox 295 2535 473 2604; x_wconf 88' lang='lat' dir='ltr'><strong>profecturas</strong></span> <span class='ocrx_word' id='word_1_229' title='bbox 485 2537 619 2590; x_wconf 86' lang='lat' dir='ltr'><strong>tendebat</strong></span> <span class='ocrx_word' id='word_1_230' title='bbox 634 2536 670 2589; x_wconf 90' lang='lat' dir='ltr'><strong>ad</strong></span> <span class='ocrx_word' id='word_1_231' title='bbox 683 2536 800 2587; x_wconf 89' lang='lat' dir='ltr'><strong>aethera</strong></span> <span class='ocrx_word' id='word_1_232' title='bbox 812 2535 932 2604; x_wconf 86' lang='lat' dir='ltr'><strong>palmas.</strong></span> 
     </span>
     <span class='ocr_line' id='line_1_34' title="bbox 219 2604 903 2676; baseline 0 -21"><span class='ocrx_word' id='word_1_233' title='bbox 219 2604 392 2657; x_wconf 86' lang='lat' dir='ltr'><strong>Dardanidas</strong></span> <span class='ocrx_word' id='word_1_234' title='bbox 403 2615 508 2659; x_wconf 88' lang='lat' dir='ltr'><strong>matres</strong></span> <span class='ocrx_word' id='word_1_235' title='bbox 522 2608 677 2676; x_wconf 90' lang='lat' dir='ltr'><strong>patriorum</strong></span> <span class='ocrx_word' id='word_1_236' title='bbox 689 2605 768 2674; x_wconf 85' lang='lat' dir='ltr'><strong>signa</strong></span> <span class='ocrx_word' id='word_1_237' title='bbox 785 2604 903 2656; x_wconf 86' lang='lat' dir='ltr'><strong>deorum</strong></span> 
     </span>
     <span class='ocr_line' id='line_1_35' title="bbox 220 2673 1019 2745; baseline 0.001 -20"><span class='ocrx_word' id='word_1_238' title='bbox 220 2675 295 2725; x_wconf 89' lang='lat' dir='ltr'><strong>Dum</strong></span> <span class='ocrx_word' id='word_1_239' title='bbox 307 2673 383 2739; x_wconf 89' lang='lat' dir='ltr'><strong>licet,</strong></span> <span class='ocrx_word' id='word_1_240' title='bbox 402 2676 551 2745; x_wconf 83' lang='lat' dir='ltr'><strong>amplexas,</strong></span> <span class='ocrx_word' id='word_1_241' title='bbox 569 2690 759 2744; x_wconf 87' lang='lat' dir='ltr'><strong>succensaque</strong></span> <span class='ocrx_word' id='word_1_242' title='bbox 773 2674 879 2742; x_wconf 89' lang='lat' dir='ltr'><strong>templa</strong></span> <span class='ocrx_word' id='word_1_243' title='bbox 890 2682 1019 2726; x_wconf 77' lang='lat' dir='ltr'><strong>tenentes</strong></span> 
     </span>
     <span class='ocr_line' id='line_1_36' title="bbox 220 2743 866 2814; baseline 0.003 -19"><span class='ocrx_word' id='word_1_244' title='bbox 220 2743 360 2797; x_wconf 82' lang='lat' dir='ltr'><strong>invidiosa</strong></span> <span class='ocrx_word' id='word_1_245' title='bbox 374 2747 491 2797; x_wconf 86' lang='lat' dir='ltr'><strong>trahunt</strong></span> <span class='ocrx_word' id='word_1_246' title='bbox 503 2748 624 2798; x_wconf 77' lang='lat' dir='ltr'><strong>victores</strong></span> <span class='ocrx_word' id='word_1_247' title='bbox 640 2744 765 2814; x_wconf 87' lang='lat' dir='ltr'><strong>praemia</strong></span> <span class='ocrx_word' id='word_1_248' title='bbox 781 2744 866 2797; x_wconf 85' lang='lat' dir='ltr'><strong>Graii.</strong></span> 
     </span>
    </p>

    <p class='ocr_par' dir='ltr' id='par_1_15' title="bbox 151 2807 1012 3153">
     <span class='ocr_line' id='line_1_37' title="bbox 151 2807 846 2884; baseline -0.007 -16"><span class='ocrx_word' id='word_1_249' title='bbox 151 2807 204 2868; x_wconf 79' lang='lat'><strong>415</strong></span> <span class='ocrx_word' id='word_1_250' title='bbox 221 2812 345 2864; x_wconf 86' lang='lat' dir='ltr'><strong>Mittitur</strong></span> <span class='ocrx_word' id='word_1_251' title='bbox 357 2819 494 2884; x_wconf 80' lang='lat' dir='ltr'><strong>Astyanax</strong></span> <span class='ocrx_word' id='word_1_252' title='bbox 507 2815 561 2867; x_wconf 89' lang='lat' dir='ltr'><strong>illis</strong></span> <span class='ocrx_word' id='word_1_253' title='bbox 575 2816 610 2866; x_wconf 86' lang='lat' dir='ltr'><strong>de</strong></span> <span class='ocrx_word' id='word_1_254' title='bbox 619 2812 846 2878; x_wconf 79' lang='lat' dir='ltr'><strong>turribus,·unde</strong></span> 
     </span>
     <span class='ocr_line' id='line_1_38' title="bbox 221 2884 965 2953; baseline -0.003 -19"><span class='ocrx_word' id='word_1_255' title='bbox 221 2884 395 2952; x_wconf 78' lang='lat' dir='ltr'><strong>Pugnantem</strong></span> <span class='ocrx_word' id='word_1_256' title='bbox 409 2901 461 2952; x_wconf 90' lang='lat' dir='ltr'><strong>pro</strong></span> <span class='ocrx_word' id='word_1_257' title='bbox 475 2901 512 2945; x_wconf 88' lang='lat' dir='ltr'><strong>se,</strong></span> <span class='ocrx_word' id='word_1_258' title='bbox 530 2884 712 2953; x_wconf 81' lang='lat' dir='ltr'><strong>proavitaque</strong></span> <span class='ocrx_word' id='word_1_259' title='bbox 726 2899 814 2953; x_wconf 85' lang='lat' dir='ltr'><strong>regna</strong></span> <span class='ocrx_word' id='word_1_260' title='bbox 825 2889 965 2948; x_wconf 90' lang='lat' dir='ltr'><strong>tuentem,</strong></span> 
     </span>
     <span class='ocr_line' id='line_1_39' title="bbox 222 2950 1012 3020; baseline 0.003 -18"><span class='ocrx_word' id='word_1_261' title='bbox 222 2954 310 3019; x_wconf 80' lang='lat' dir='ltr'><strong>Saepe</strong></span> <span class='ocrx_word' id='word_1_262' title='bbox 324 2952 419 3004; x_wconf 83' lang='lat' dir='ltr'><strong>videre</strong></span> <span class='ocrx_word' id='word_1_263' title='bbox 432 2961 542 3020; x_wconf 86' lang='lat' dir='ltr'><strong>patrem</strong></span> <span class='ocrx_word' id='word_1_264' title='bbox 557 2961 747 3005; x_wconf 86' lang='lat' dir='ltr'><strong>monstratum</strong></span> <span class='ocrx_word' id='word_1_265' title='bbox 760 2970 777 3001; x_wconf 85' lang='lat' dir='ltr'><strong>a</strong></span> <span class='ocrx_word' id='word_1_266' title='bbox 790 2960 882 3002; x_wconf 90' lang='lat' dir='ltr'><strong>matre</strong></span> <span class='ocrx_word' id='word_1_267' title='bbox 895 2950 1012 3008; x_wconf 75' lang='lat' dir='ltr'><strong>solebat,</strong></span> 
     </span>
     <span class='ocr_line' id='line_1_40' title="bbox 221 3019 945 3090; baseline 0 -18"><span class='ocrx_word' id='word_1_268' title='bbox 221 3023 337 3090; x_wconf 86' lang='lat' dir='ltr'><strong>Iamque</strong></span> <span class='ocrx_word' id='word_1_269' title='bbox 351 3021 425 3072; x_wconf 87' lang='lat' dir='ltr'><strong>viam</strong></span> <span class='ocrx_word' id='word_1_270' title='bbox 439 3021 535 3074; x_wconf 89' lang='lat' dir='ltr'><strong>suadet</strong></span> <span class='ocrx_word' id='word_1_271' title='bbox 542 3026 665 3086; x_wconf 68' lang='lat' dir='ltr'><strong>“Boreas3</strong></span> <span class='ocrx_word' id='word_1_272' title='bbox 683 3022 809 3089; x_wconf 80' lang='lat' dir='ltr'><strong>flatuque</strong></span> <span class='ocrx_word' id='word_1_273' title='bbox 821 3019 945 3072; x_wconf 89' lang='lat' dir='ltr'><strong>secundo</strong></span> 
     </span>
     <span class='ocr_line' id='line_1_41' title="bbox 223 3089 925 3153; baseline 0 -13"><span class='ocrx_word' id='word_1_274' title='bbox 223 3089 343 3140; x_wconf 86' lang='lat' dir='ltr'><strong>Carbasa</strong></span> <span class='ocrx_word' id='word_1_275' title='bbox 355 3099 433 3142; x_wconf 88' lang='lat' dir='ltr'><strong>mota</strong></span> <span class='ocrx_word' id='word_1_276' title='bbox 444 3100 559 3153; x_wconf 90' lang='lat' dir='ltr'><strong>sonant;</strong></span> <span class='ocrx_word' id='word_1_277' title='bbox 577 3090 656 3142; x_wconf 88' lang='lat' dir='ltr'><strong>iubet</strong></span> <span class='ocrx_word' id='word_1_278' title='bbox 667 3091 709 3142; x_wconf 89' lang='lat' dir='ltr'><strong>uti</strong></span> <span class='ocrx_word' id='word_1_279' title='bbox 723 3091 817 3141; x_wconf 87' lang='lat' dir='ltr'><strong>navita</strong></span> <span class='ocrx_word' id='word_1_280' title='bbox 828 3089 925 3140; x_wconf 83' lang='lat' dir='ltr'><strong>ventis.</strong></span> 
     </span>
    </p>

    <p class='ocr_par' dir='ltr' id='par_1_16' title="bbox 153 3154 1062 3363">
     <span class='ocr_line' id='line_1_42' title="bbox 153 3154 1062 3229; baseline -0.006 -17"><span class='ocrx_word' id='word_1_281' title='bbox 153 3154 207 3212; x_wconf 73' lang='grc'><strong>420</strong></span> <span class='ocrx_word' id='word_1_282' title='bbox 222 3157 315 3224; x_wconf 87' lang='lat' dir='ltr'><strong>Troia,</strong></span> <span class='ocrx_word' id='word_1_283' title='bbox 333 3158 408 3212; x_wconf 83' lang='lat' dir='ltr'><strong>vale:</strong></span> <span class='ocrx_word' id='word_1_284' title='bbox 427 3158 560 3227; x_wconf 82' lang='lat' dir='ltr'><strong>rapimur,</strong></span> <span class='ocrx_word' id='word_1_285' title='bbox 578 3158 710 3223; x_wconf 88' lang='lat' dir='ltr'><strong>clamant,</strong></span> <span class='ocrx_word' id='word_1_286' title='bbox 726 3159 848 3229; x_wconf 87' lang='lat' dir='ltr'><strong>dantque</strong></span> <span class='ocrx_word' id='word_1_287' title='bbox 860 3158 956 3210; x_wconf 84' lang='lat' dir='ltr'><strong>oscula</strong></span> <span class='ocrx_word' id='word_1_288' title='bbox 968 3165 1062 3211; x_wconf 84' lang='lat' dir='ltr'><strong>terrae</strong></span> 
     </span>
     <span class='ocr_line' id='line_1_43' title="bbox 223 3226 949 3297; baseline 0.003 -20"><span class='ocrx_word' id='word_1_289' title='bbox 223 3226 354 3294; x_wconf 87' lang='lat' dir='ltr'><strong>Troades,</strong></span> <span class='ocrx_word' id='word_1_290' title='bbox 372 3238 400 3279; x_wconf 90' lang='lat' dir='ltr'><strong>et</strong></span> <span class='ocrx_word' id='word_1_291' title='bbox 415 3228 521 3297; x_wconf 86' lang='lat' dir='ltr'><strong>patriae</strong></span> <span class='ocrx_word' id='word_1_292' title='bbox 535 3229 673 3280; x_wconf 87' lang='lat' dir='ltr'><strong>fumantia</strong></span> <span class='ocrx_word' id='word_1_293' title='bbox 686 3237 762 3280; x_wconf 86' lang='lat' dir='ltr'><strong>tecta</strong></span> <span class='ocrx_word' id='word_1_294' title='bbox 777 3227 949 3297; x_wconf 83' lang='lat' dir='ltr'><strong>relinquunt.</strong></span> 
     </span>
     <span class='ocr_line' id='line_1_44' title="bbox 222 3294 902 3363; baseline 0.001 -18"><span class='ocrx_word' id='word_1_295' title='bbox 222 3294 327 3347; x_wconf 89' lang='lat' dir='ltr'><strong>Ultima</strong></span> <span class='ocrx_word' id='word_1_296' title='bbox 342 3296 505 3349; x_wconf 89' lang='lat' dir='ltr'><strong>conscendit</strong></span> <span class='ocrx_word' id='word_1_297' title='bbox 519 3298 644 3363; x_wconf 88' lang='lat' dir='ltr'><strong>classem,</strong></span> <span class='ocrx_word' id='word_1_298' title='bbox 662 3297 822 3350; x_wconf 84' lang='lat' dir='ltr'><strong>miserabile</strong></span> <span class='ocrx_word' id='word_1_299' title='bbox 832 3298 902 3361; x_wconf 85' lang='lat' dir='ltr'><strong>visu,</strong></span> 
     </span>
    </p>

    <p class='ocr_par' dir='ltr' id='par_1_17' title="bbox 224 3365 927 3436">
     <span class='ocr_line' id='line_1_45' title="bbox 224 3365 927 3436; baseline 0.007 -21"><span class='ocrx_word' id='word_1_300' title='bbox 224 3366 257 3416; x_wconf 90' lang='lat' dir='ltr'><strong>In</strong></span> <span class='ocrx_word' id='word_1_301' title='bbox 271 3365 370 3420; x_wconf 88' lang='lat' dir='ltr'><strong>mediis</strong></span> <span class='ocrx_word' id='word_1_302' title='bbox 386 3367 500 3420; x_wconf 89' lang='lat' dir='ltr'><strong>Hecube</strong></span> <span class='ocrx_word' id='word_1_303' title='bbox 513 3376 646 3421; x_wconf 87' lang='lat' dir='ltr'><strong>natorum</strong></span> <span class='ocrx_word' id='word_1_304' title='bbox 658 3368 772 3420; x_wconf 79' lang='lat' dir='ltr'><strong>inventa</strong></span> <span class='ocrx_word' id='word_1_305' title='bbox 781 3365 927 3436; x_wconf 72' lang='lat' dir='ltr'><strong>sepulcris·</strong></span> 
     </span>
    </p>
   </div>
   <div class='ocr_carea' id='block_1_3' title="bbox 0 0 1180 3834">
    <p class='ocr_par' dir='ltr' id='par_1_18' title="bbox 0 0 1180 3834">
     <span class='ocr_line' id='line_1_46' title="bbox 0 0 1180 3834; baseline 0 2"><span class='ocrx_word' id='word_1_306' title='bbox 0 0 1180 3834; x_wconf 95' lang='lat' dir='ltr'><strong> </strong></span> 
     </span>
    </p>
   </div>
  </div>
 </body>
</html>
