2350 3834
120 198 163 262 34
365 200 402 257 R.
424 196 580 253 0va
606 195 797 253 NASONIS

189 345 268 398 Hanc
281 344 308 396 le
329 359 375 396 em
391 341 515 409 dederat,
533 359 583 396 sua
594 359 631 396 ne
643 352 751 396 moreto
763 341 915 401 riderent·
962 382 965 389 .
1000 376 1002 385 ‹
1079 352 1083 361 “

188 413 291 466 Abdita
332 412 405 466 onde
417 412 473 464 levi
484 412 593 464 densas
614 413 747 466 eculabar
758 413 793 465 ab
805 413 896 481 ulano,v

189 481 264 548 Quid
274 483 408 557 facerent.
428 481 580 533 Commissa
592 429 662 534 duae
676 482 736 534 sine
749 482 850 535 frauda
861 490 985 549 tuentur,

186 552 340 629 Pandrosos
350 559 432 621 atque
446 554 541 603 Herse.
558 551 682 604 Timidus
690 561 774 604 vocat
784 569 841 604 una
857 567 969 605 sorores

119 621 173 678 560
188 620 333 692 Aglauros,
350 620 496 690 nodosque
510 637 597 673 manu
612 621 734 674 diducit:
753 630 782 673 at
795 621 868 673 indu

187 689 384 760 Infamemque
399 690 504 757 vident,
523 699 778 760 apporrectumque
795 690 957 744 dracomm.

187 764 259 811 Acta
268 759 338 811 deae
351 756 461 812 refero:
478 776 530 828 pro
546 776 603 828 quo
617 760 686 811 mihi
698 761 789 829 gratia
803 759 868 812 talis

187 827 332 894 Redditur,
348 837 381 880 ut
392 828 471 880 dicar
484 828 574 881 tutela
584 829 667 898 pulsa
680 829 830 894 Minorem,

188 899 223 950 Et
235 912 325 967 ponar
339 906 404 967 post
417 898 508 950 noctis
524 915 613 951 avem.
633 901 695 950 Mea
708 915 800 967 poena
811 897 940 950 volucres

118 966 170 1025 665
188 965 372 1022 admonuisse
389 976 490 1037 potest,
507 984 544 1020 ne
557 983 629 1020 voce
640 967 766 1036 pericula
769 975 922 1088 ffffiemt·

188 1040 233 1103 At,
250 1045 330 1106 puto,
347 1053 406 1089 non
422 1037 506 1102 ultro,
523 1053 577 1090 nec
590 1037 768 1106 quidquamt
798 1042 977 1106 erogantem

188 1107 234 1160 Me
246 1105 336 1175 petiit.
354 1109 417 1175 Ipsa
429 1106 496 1159 licet
509 1105 565 1159 hoc
577 1106 717 1159 aPallade
732 1121 863 1175 quaeram

189 1175 321 1239 Quamvis
331 1175 463 1241 tranen,
480 1192 539 1226 non
552 1174 610 1227 hoc
621 1174 694 1227 irata
706 1175 828 1246 negabit

189 1245 262 1297 Nam
277 1260 323 1295 me
339 1243 479 1296 Phocaica
493 1243 585 1297 clarus
596 1244 699 1296 tellure
711 1246 862 1308 Coroneus,

119 1314 171 1370 570
188 1315 261 1365 Nota
271 1312 384 1382 loquor,
402 1313 507 1383 genuit,
523 1312 691 1382 fueramque
702 1329 757 1383 ego
769 1313 849 1382 regia
857 1310 953 1382 uirgo:

187 1381 378 1462 Divitibusque
392 1381 495 1449 procis,
512 1398 549 1433 ne
560 1397 608 1434 me
625 1390 784 1447 contemne,
800 1380 928 1450 petebat.

188 1454 291 1504 Forma
305 1450 375 1502 rmhi
387 1451 501 1502 nocuitr
518 1466 585 1502 nam
601 1467 666 1502 cum
677 1467 728 1518 per
739 1451 836 1502 littora
849 1448 934 1502 lentis

188 1519 324 1585 Pessibus,
342 1527 374 1571 ut
385 1518 472 1586 soleo,
490 1536 600 1571 summa
612 1519 750 1588 spatiarer
760 1535 855 1583 mena,

188 1589 274 1656 Vidit,
292 1596 320 1640 et
332 1586 449 1640 incaluit
461 1588 555 1660 pelagi
569 1588 648 1641 deus:
667 1597 754 1658 utque
763 1586 912 1657 precando

119 1658 171 1716 575
188 1660 329 1728 Tempora
342 1673 410 1710 cum
424 1657 532 1710 blandis
548 1656 702 1710 consumsit
717 1656 934 1721 inania¹verhis;
1044 1698 1046 1703 ,

188 1726 254 1779 Vim
264 1734 354 1796 parat,
371 1735 400 1779 et
414 1744 443 1778 se
485 1727 547 1780 ‘tun
564 1726 661 1798 Fugio,
680 1724 852 1796 densumque
864 1724 995 1796 relinquo

189 1797 280 1851 Littus
309 1795 378 1848 etin
392 1743 679 1866 molllnnequidquem
689 1796 781 1851 lassor
791 1811 886 1848 arena
1072 1820 1076 1828 ·

189 1865 258 1918 Inde
272 1836 348 1934 deos,
363 1864 546 1943 hominesque
558 1882 647 1919 roco:
662 1883 718 1918 nec
729 1865 848 1936 contigit
860 1860 953 1916 ullum

189 1936 251 1989 Vox
263 1951 327 1987 mea
340 1935 501 1989 mortalem.
519 1937 597 1988 Mota
607 1944 649 1988 est
660 1952 711 2004 pro
725 1934 831 2006 virgine
843 1933 934 2023 virgo,

101 2004 172 2063 ‘580
187 2003 385 2074 Auxiliumque
397 2004 470 2058 tulit.
487 2004 650 2058 Tendebam
665 2001 783 2057 brachia
800 2002 897 2057 coelo:
985 2006 989 2013 ’

84 2090 91 2097 ·
189 2073 308 2126 Brachia
323 2090 374 2126 coe
395 2074 592 2126 eruntlevibus
603 2073 764 2146 nigrescere
773 2072 882 2143 pennis.
964 2090 966 2092 ’
1007 2108 1011 2115 -

188 2143 317 2196 Reiicere
332 2159 365 2195 ex
374 2091 502 2195 liumeris
514 2152 622 2196 vestem
636 2143 770 2195 molibar:
788 2151 818 2195 at
829 2140 881 2194 illa

188 2210 289 2264 Pluma
301 2212 473 2282 eratrt'nque
488 2221 581 2265 cutem
591 2211 702 2264 radices
715 2220 812 2282 egerat
821 2209 901 2265 imas.

189 2280 325 2352 Plangere
338 2279 414 2334 nuda
424 2280 495 2334 meis
507 2282 634 2336 conabar
644 2290 761 2352 pectora
770 2279 886 2349 palmis:
1035 2330 1038 2335 .

120 2348 174 2407 586
191 2350 246 2403 Sed
259 2366 350 2421 neque
361 2350 422 2402 iam
434 2350 551 2421 palmas,
568 2367 623 2404 nec
656 2359 751 2404 ectora
768 2349 844 2402 nuda
854 2345 998 2419 gerebam.

191 2420 358 2472 Currebam:
376 2426 571 2488 necutiante,
588 2437 625 2490 pe
663 2418 831 2472 eretinebat
840 2433 937 2485 arena

190 2489 246 2542 Sed
257 2504 369 2543 summa
382 2487 505 2542 tollebar
517 2490 620 2545 humo:
637 2506 704 2542 mox
715 2495 781 2541 acte
789 2503 842 2556 per
855 2502 937 2540 aurae

189 2557 307 2625 Evehor‚
325 2568 354 2611 et
365 2558 430 2610 data
443 2576 506 2612 sum
520 2575 616 2612 comes
630 2558 775 2626 inculpata
785 2556 937 2619 Minervae.

176 2622 267 2690 'Quid
280 2635 376 2679 tamen
388 2626 444 2681 boc
457 2626 581 2698 prodest,
598 2628 621 2680 si
634 2627 696 2680 diro
708 2627 786 2679 fecta
799 2624 924 2679 volucris

6 2756 8 2760 ,
123 2694 176 2751 690
193 2695 313 2749 (birmne
325 2696 491 2765 Nyctimene
503 2705 599 2751 nostro
610 2695 742 2750 successit
753 2694 875 2748 honori?

117 2820 121 2826 .
227 2769 278 2831 An,
355 2775 433 2835 epar
443 2775 534 2819 totam
546 2783 591 2819 res
604 2774 647 2817 est
658 2764 805 2818 notissime
817 2761 937 2832 Lesbon,
1006 2766 1023 2800 »Ι

191 2832 257 2888 Nori
271 2850 306 2885 au
329 2836 365 2886 'ta
376 2834 429 2887 tibi
442 2835 502 2888 est?
519 2836 643 2905 patrium
652 2842 804 2887 temerasse
816 2831 911 2885 cubile
973 2832 978 2839 '

191 2903 396 2973 Nyctimenen?
413 2905 470 2956 avis
482 2903 532 2956 illa
587 2903 674 2956 'demt
691 2903 740 2954 sed
754 2901 867 2955 conscia
880 2900 983 2970 culpae

192 2974 379 3046 conspectum
390 2922 594 3043 lucemquelffl
605 2972 634 3038 't‚
650 2970 830 3041 tenebrisque
842 2969 982 3040 pudorem

123 3038 176 3099 595
193 3041 280 3107 Celet,
297 3049 326 3105 et
337 3057 354 3093 a
367 3042 476 3095 cunctis
489 3040 763 3112 expensuuaethere
773 3049 845 3101 toto.

226 3110 306 3162 Talia
320 3108 432 3178 dicenti,
449 3111 521 3178 Tibi,
538 3111 587 3178 ait,
604 3109 792 3175 revocamine,
809 3124 919 3174 comus,
941 3154 944 3159 ,

99 3195 108 3202 ·
192 3177 255 3231 sint
265 3196 368 3248 precor
380 3180 435 3233 ista
443 3180 535 3234 malo:
553 3197 606 3234 nos
615 3196 719 3233 vanum
732 3178 889 3248 spernimur
898 3191 993 3231 ornata.

192 3248 253 3300 Nec
267 3257 400 3318 coeptum
414 3249 532 3302 dimittit
544 3251 614 3303 iter:
632 3249 802 3318 dominoque
808 3247 953 3301 ‚iacentem

192 3317 374 3374 cantavere
386 3319 542 3384 Haemonio
555 3318 655 3375 vidisse
670 3317 810 3375 Coronida
817 3324 923 3372 amu.
