2350 3834
131 200 202 292 aa
394 220 603 302 norrun
620 224 822 282 ussonia
867 220 876 235 ·

199 374 308 427 Parcite
325 370 492 435 luminibus,
509 375 624 425 Perseus
641 373 694 426 ait:
714 372 818 442 oraque
834 370 909 444 'regis

146 492 150 497 .
201 448 254 495 Ore
273 440 421 494 Medusaeo
443 443 550 495 silicem
566 444 626 494 sine
643 443 778 512 sanguine
795 442 873 496 fecit
893 464 897 473 ⁴

130 515 184 571 250
235 516 374 564 Hactenus
391 511 540 582 aurigenae
558 513 693 564 comitem
710 511 835 564 Tritonia
852 511 936 564 fratri

200 585 234 633 Se
254 581 338 632 dedit.
374 581 441 632 Inde
459 599 526 633 cava
545 581 720 653 circumdata
742 582 816 632 nube
833 582 969 649 Seriphon

200 652 324 714 Deserit,
343 668 360 703 a
377 651 474 703 dextra
493 651 599 719 Cythno
618 654 766 720 Gyaroque
783 650 901 703 relictis:

200 725 316 788 Quaque
335 737 418 788 super
436 730 555 788 pontum
572 721 617 772 via
633 721 691 771 visa
708 720 886 784 brevissima,
903 719 1023 786 Thebas,

199 790 420 859 virgineumque
440 790 573 841 Helicona
591 792 679 858 petit:
693 806 748 857 quo
767 798 862 840 monte
880 789 969 857 potita

130 860 182 916 255
201 859 344 923 Constitit,
364 869 391 909 et
409 858 505 910 doctas
522 858 562 911 sic
580 868 621 910 est
638 858 722 910 allata
739 874 865 909 sorores:

200 932 285 981 Fama
302 927 367 978 novi
385 928 470 979 fontis
486 938 596 979 nostras
612 927 741 996 pervenit
757 928 793 978 ad
811 940 901 992 aures,

200 999 277 1049 Dura
295 996 432 1055 Medusaei
450 1015 534 1066 quem
552 998 690 1066 praepetis
706 996 813 1067 ungula
829 992 912 1064 rlrpit.

201 1071 226 1118 Is
243 1066 314 1118 mihi
331 1083 416 1119 causa
431 1069 509 1120 viae:
528 1066 604 1121 volui
622 1066 752 1118 mirabile
768 1074 926 1118 monstrum

202 1138 333 1189 Cernere:
352 1136 408 1188 vidi
426 1135 517 1204 ipsum
535 1146 663 1188 materno
680 1137 814 1206 sanguine
831 1135 916 1188 nasci.
949 1146 952 1149 “

114 1224 115 1229 ’
131 1207 185 1262 260
201 1205 308 1274 Excipit
329 1206 442 1259 Uranie:
462 1210 651 1274 Quaecunque
669 1214 711 1257 est
727 1222 811 1256 causa
827 1203 940 1256 videndi

201 1277 256 1326 Has
274 1275 340 1339 tihi,
358 1274 441 1339 Diva,
461 1275 574 1341 domos,
595 1277 688 1328 animo
707 1275 863 1345 gratissima
880 1282 977 1327 nostro
995 1291 1036 1330 es.

201 1349 276 1397 Vera
294 1352 388 1395 tamen
406 1343 482 1395 fama
501 1354 558 1396 est:
577 1352 606 1395 et
624 1347 740 1414 Pegasus
758 1343 838 1394 huius
856 1344 936 1413 origo
1019 1366 1023 1369 ·

201 1413 313 1475 Fontis;
332 1423 361 1467 et
378 1413 527 1473 adlatices
545 1412 660 1465 deducit
676 1412 787 1465 Pallada
804 1429 908 1468 sacros.

148 1520 151 1531 ,
183 1485 280 1544 'Quae
298 1483 400 1533 mirata
418 1482 466 1534 diu
482 1483 572 1534 factas
589 1483 667 1550 pedis
684 1483 786 1537 ictibus
803 1480 900 1548 undas,

117 1550 183 1611 ,265
202 1551 338 1602 Silvarum
356 1551 435 1603 lucos
453 1551 645 1620 circumspicit
662 1551 848 1620 antiquarum,

201 1625 360 1690 Antraque,
379 1629 407 1672 et
424 1622 576 1674 innumeris
595 1621 738 1672 distinctas
754 1620 872 1672 floribus
889 1618 1006 1672 herbas:

202 1690 364 1761 Felicesque
380 1698 464 1749 uocat
480 1692 587 1761 pariter
608 1691 759 1760 studiique,
777 1690 891 1759 locique

202 1759 404 1813 Mnemonidas.
439 1763 529 1824 Quam
547 1760 587 1813 sic
605 1760 691 1811 affata
708 1767 824 1812 estana
844 1772 989 1812 sororum:
1007 1792 1010 1797 -

172 1834 175 1841 '
203 1832 239 1880 0!
257 1829 310 1879 nisi
326 1838 355 1879 te
373 1829 459 1881 virtus
477 1847 560 1900 opera
579 1829 616 1880 ad
634 1829 742 1880 maiora
758 1828 875 1897 tulisset,

134 1898 185 1963 270
200 1901 233 1949 In
250 1907 360 1966 partem
377 1908 493 1952 ventura
511 1899 591 1952 chori
606 1898 732 1950 Tritonia
751 1898 850 1962 nostri,

203 1969 277 2019 Vera
294 1968 397 2033 refers,
416 1971 572 2039 meritoque
590 1969 692 2038 probas
710 1976 840 2038 artesque
857 1965 1024 2038 locumque:

202 2039 236 2088 Et
253 2046 363 2107 gratam
380 2047 498 2103 sortem,
517 2048 594 2090 tutae
611 2037 696 2088 modo
714 2038 816 2102 simus,
834 2035 978 2090 habemus.

202 2106 272 2171 Sed,
289 2109 407 2158 vetitum
426 2117 467 2159 est
484 2108 555 2160 adeo
574 2107 673 2158 sceleri
690 2106 775 2170 nihil,
794 2106 888 2157 omnia
904 2114 1015 2159 terrent

157 2174 160 2181 ’
203 2175 348 2246 Virgineus
364 2187 488 2229 mentes:
507 2177 638 2246 dirusque
657 2185 721 2226 ante
740 2193 791 2226 ora
807 2177 946 2247 Pyreneus

134 2245 185 2305 275
203 2245 344 2297 Vertitur:
363 2255 390 2297 et
407 2246 533 2298 nondum
551 2263 598 2297 me
614 2254 675 2297 tota
692 2253 787 2297 mente
804 2243 908 2314 recepi.

170 2352 174 2358 .
203 2312 300 2364 Daulia
318 2315 447 2366 Threicio
466 2317 630 2384 Phoceaque
648 2314 736 2367 milite
753 2331 820 2366 rura

203 2383 321 2451 Ceperat
338 2383 386 2435 ille
403 2385 498 2450 ferox,
516 2384 674 2454 iniustaque
691 2401 722 2435 re
743 2400 779 2435 na
794 2382 918 2437 tenebat.

189 2452 321 2522 ¹Templa
337 2454 498 2522 petebamus
515 2455 653 2507 Parnasia.
688 2402 765 2504 Vilia
785 2462 891 2519 euntes,

205 2524 361 2593 Nostraque
378 2523 474 2575 fallaci
491 2533 637 2576 veneratus
654 2523 769 2574 numina
786 2521 873 2587 cultu,

134 2592 187 2646 280
206 2592 407 2657 Mnemonidas,
426 2602 563 2664 cognorat
582 2593 671 2659 enirn,
690 2593 846 2657 consistite,
864 2589 942 2655 dixit,

204 2663 262 2712 Nec
280 2661 419 2727 dubitate,
437 2680 554 2732 precor,
572 2672 648 2714 tecto
667 2679 751 2743 grave
768 2661 842 2712 sidus
860 2659 1041 2727 et'imbrem,

205 2731 299 2782 Imber
317 2741 390 2797 erut,
408 2733 497 2784 vitare
513 2750 593 2787 meo:
617 2732 726 2782 subiere
744 2731 867 2781 minores

173 2862 176 2867 Ι
203 2803 289 2868 Saepe
307 2818 384 2853 casas
402 2801 508 2870 Superi.
544 2801 630 2853 Dictis
647 2809 675 2852 et
690 2810 818 2868 tempore
834 2806 930 2850 motae

204 2869 413 2951 Annaimusque
430 2872 504 2935 viro,
522 2871 682 2939 primasque
699 2869 864 2920 intravimus
880 2868 973 2923 aedes.

136 2938 188 2995 285
205 2939 348 3005 Desierant
365 2941 483 3000 imbres:
501 2940 632 3009 victoque
650 2939 831 3006 Aquilonibus
847 2941 958 3004 Austro,

205 3010 292 3061 Fusca
309 3018 460 3080 repurgato
479 3009 624 3079 fugiebant
641 3008 737 3059 nubila
755 3007 843 3060 coelo.

205 3080 328 3145 Impetus
344 3080 385 3131 ire
403 3079 472 3130 fuit:
491 3079 598 3130 claudit
613 3095 663 3128 sua
679 3086 755 3135 tecta
772 3079 918 3145 Pyreneus,

205 3146 325 3216 Vimque
343 3148 542 3218 parat:,quam
559 3165 610 3199 nos
628 3148 725 3198 sumtis
737 3146 890 3217 ‘effugimus
908 3143 969 3198 alis.

205 3219 267 3284 Ipse
283 3226 413 3270 secuturo
430 3219 527 3269 similis
544 3219 621 3269 stetit
638 3216 739 3267 arduus
757 3233 841 3267 arce:
1030 3253 1033 3258 -

138 3288 191 3344 290
209 3289 324 3355 Quaque
342 3287 386 3338 via
405 3296 445 3340 est
461 3288 554 3351 vobis,
575 3287 629 3337 erit
646 3285 777 3350 etmihi,
795 3283 877 3350 dixit,
897 3281 1011 3355 eadem3

206 3360 295 3426 Seque
311 3355 380 3409 iacit
395 3374 493 3410 vecors
511 3374 527 3410 e
543 3373 669 3409 summae
688 3353 811 3408 eulmine
829 3351 929 3406 turris:

1077 2932 1090 2963 N
