2350 3834
141 183 183 245 24
409 186 441 240 e.
464 183 616 239 ovrun
638 152 834 240 ussurus

209 335 244 382 At
254 337 349 399 peter,
366 337 400 395 ut
409 337 501 382 terras
515 328 709 399 mandumque
721 329 870 384 rubescere
879 331 957 401 vidit,

208 401 372 469 Cornuaque
386 408 527 450 extremae
540 399 618 453 velut
629 415 793 451 evanescere
805 403 917 466 Lunae3

206 471 324 538 Iungere
338 484 423 538 equos
436 469 520 520 Titan
533 467 676 520 velocibus
689 468 808 537 imperat
821 471 911 525 Horis.

206 540 281 588 Iussa
295 537 363 590 deae
376 537 479 590 celeres
491 546 644 606 peragunt:
663 537 812 608 ignemque
823 549 978 606 vomentes,

139 609 189 662 120
204 607 367 658 Ambrosiae
378 622 462 659 succo
476 615 599 670 saturos,
617 608 795 676 praesepibus
807 608 869 664 altis

130 676 132 681 ’
206 675 405 745 Quadrupedes
419 676 538 741 ducunt,
558 675 727 745 adduntque
733 677 860 729 sonantia
873 678 964 732 frena

205 745 277 796 Tum
289 754 373 814 pater
387 761 436 795 ora
448 745 492 797 sui
502 762 583 796 sacro
595 745 781 798 medicamine
792 748 852 798 nati
937 774 940 779 ·

205 814 341 884 Contigit,
360 823 387 866 et
400 815 516 884 rapidae
529 814 599 865 fecit
612 815 746 883 patientia
759 815 908 867 flammae:

204 884 396 953 Imposuitque
408 900 506 936 comae
517 883 626 948 radios,
642 901 834 955 praesagaque
844 885 939 938 luctus
1013 906 1015 913 ·

135 951 185 1008 125
201 953 319 1003 Pectore
332 952 452 1005 sollicito
468 962 597 1022 repetens
611 955 745 1022 suspiria,
762 954 845 1006 dixit:

201 1021 231 1072 si
242 1029 323 1089 potes
336 1022 384 1074 hic
396 1019 495 1075 salt'em
507 1022 621 1073 monitis
634 1040 734 1090 parere
746 1022 884 1090 patemis;

201 1092 303 1157 Parce,
319 1106 406 1160 puer,
424 1091 558 1156 stimulis,
577 1100 606 1142 et
617 1091 718 1143 lortius
732 1101 812 1144 utere
824 1091 908 1143 loris:

200 1162 306 1229 Sponte
317 1177 367 1210 sua
378 1168 544 1228 properant:
562 1159 643 1211 labor
659 1169 700 1212 est
711 1161 839 1212 inhibere
850 1160 985 1215 volentes.

200 1230 261 1280 Nec
274 1228 325 1280 tihi
337 1228 457 1280 directos
470 1226 581 1298 placeat
594 1228 640 1279 via
653 1228 776 1298 quinque
786 1246 838 1298 per
849 1246 941 1281 arcus.

133 1292 185 1351 180
202 1298 299 1348 Sectus
310 1297 341 1348 in
353 1297 499 1365 obliquum
516 1305 558 1348 est
570 1296 629 1348 lato
644 1298 805 1349 curvamine
819 1297 913 1349 limes:

199 1369 396 1435 zonarumque
405 1367 493 1419 trium
505 1373 652 1427 contentus
663 1366 734 1430 fine,
753 1366 906 1434 polumque

198 1434 320 1506 Effugito
336 1432 502 1500 australem,
520 1437 701 1503 iunctamque
715 1435 891 1503 aquilonibus
905 1436 1019 1488 Arcton.

199 1507 264 1557 Hac*
273 1503 308 1554 sit
319 1503 389 1556 iter:
406 1505 554 1556 manifesta
564 1513 646 1555 rotae
658 1503 775 1573 vestigia
786 1520 893 1558 cernes.

199 1576 291 1643 thue
304 1572 399 1626 ferant
412 1590 515 1644 aequos
530 1581 558 1625 et
570 1573 682 1624 coelum
696 1581 726 1624 et
735 1582 812 1624 terra
824 1572 947 1638 calores3

130 1636 183 1696 185
199 1645 257 1696 Nec
271 1659 383 1712 preme,
401 1660 454 1695 nec
469 1658 610 1694 summum
622 1642 724 1694 molire
737 1658 788 1711 per
800 1642 915 1695 aethera
927 1659 1052 1697 currum.

197 1711 285 1763 Altius
298 1726 423 1782 egressus
439 1712 570 1779 coelestia
582 1720 659 1763 tecta
670 1711 820 1776 cremabis3

196 1776 316 1833 Inferius
330 1790 433 1833 terres:
449 1782 543 1833 medio
553 1781 707 1833 tutissimus
719 1780 781 1833 ibis.

196 1853 258 1902 Neu
268 1857 297 1902 te
309 1849 447 1902 dexterior
457 1859 564 1902 tortum
579 1849 703 1903 declinet
714 1850 744 1900 in
758 1866 886 1919 anguem,

195 1921 271 1972 Neve
283 1918 437 1971 sinisterior
449 1936 572 1988 pressam
583 1927 649 1971 r'ota
660 1918 794 1971 ducatad
807 1936 901 1972 ararim

128 1983 180 2041 140
196 1992 274 2040 Inter
285 1997 436 2059 utrumque
448 1998 522 2042 tene.
557 1991 697 2041 Fortunae
710 1997 823 2040 caetera
834 1987 954 2052 mando;

197 2061 274 2121 Quae
291 2057 381 2124 iuvet,
397 2067 428 2110 ‘et
440 2058 556 2125 melius,
573 2074 661 2127 quam
672 2065 705 2108 tu
715 2057 783 2123 tibi,
801 2058 944 2125 consulat,
961 2065 1037 2127 opto.

193 2128 269 2178 Dum
279 2125 397 2197 loquor3
415 2126 550 2208 Hesperio
563 2128 667 2196 positas
677 2126 708 2177 in
719 2126 815 2179 littore
828 2137 917 2180 metas
950 2150 954 2153 -

193 2195 317 2247 Humida
329 2211 384 2248 nox
397 2197 499 2267 tetigit.
532 2197 597 2248 Non
610 2205 652 2248 est
663 2212 744 2247 mora
755 2196 845 2248 libera
855 2196 953 2251 nobis:

120 2281 123 2286 ·
157 2289 160 2293 ·
192 2265 346 2318 Poscimur.
379 2265 502 2336 Effulget
515 2265 637 2318 tenebris
650 2269 758 2316 Aurora
769 2265 882 2335 fugatis.

125 2329 176 2390 145
194 2334 307 2402 Corripe
318 2333 382 2387 lora
395 2351 495 2387 manu:
512 2334 574 2400 vel,
592 2333 616 2385 si
628 2334 765 2386 mutabile
776 2344 875 2402 pectus

192 2405 241 2455 Est
251 2402 319 2470 tibi,
338 2404 472 2467 consiliis,
490 2420 547 2456 non
563 2404 705 2470 curribus,
724 2412 804 2455 utere
815 2404 926 2470 nostris,

191 2473 266 2525 Dum
278 2481 372 2541 potes,
390 2482 418 2525 et
432 2472 525 2524 solidis
539 2474 693 2525 etiamnum
704 2472 815 2524 sedibus
829 2473 932 2539 adstas,

190 2542 320 2612 Dumque
333 2542 407 2594 male
420 2550 529 2610 optatos
544 2543 671 2595 nondum
682 2542 787 2611 premis
800 2543 901 2595 inscius
914 2560 986 2597 axes,

193 2613 271 2673 Qua'e
286 2613 361 2663 tutus
407 2620 494 2677 ectes,
513 2611 572 2664 siue
584 2628 631 2664 me
647 2611 714 2663 dere
723 2611 831 2664 lumina
844 2613 936 2666 terris.

123 2675 176 2733 150
192 2682 318 2749 Occupat
328 2679 376 2731 ille
399 2697 479 2733 evem
491 2681 606 2733 iuvenili
618 2696 737 2749 corpore
750 2697 881 2732 currum:

191 2751 251 2800 Stat
292 2766 306 2799 e
320 2765 418 2818 super,
436 2750 620 2820 manibusque
635 2750 711 2802 datas
726 2750 890 2829 contingere
905 2749 1029 2805 habenas

190 2819 251 2871 Gau
271 2825 315 2884 et,
334 2827 363 2870 et
374 2818 462 2870 invito
475 2828 567 2888 grates
580 2819 638 2890 agit
649 2819 714 2870 inde
728 2828 847 2886 parents.

189 2884 301 2940 Interea
312 2887 441 2939 volucres
451 2890 580 2956 Pyroe‘is,
597 2891 685 2953 Eous,
703 2896 732 2939 et
743 2887 861 2954 Aethon,

189 2954 260 3009 Solis
273 2958 354 3038 equi,
371 2965 539 3027 quartusque
551 2957 689 3027 Phlegon,
706 2954 859 3008 hinnitibus
873 2974 955 3010 auras

120 3021 171 3082 155
187 3025 374 3078 Flammiferis
385 3025 519 3095 implent,
536 3026 709 3096 pedibusque
722 3026 858 3096 repagula
869 3028 989 3095 pulsant.

188 3097 267 3158 Quae
280 3104 427 3175 postquam
439 3096 554 3164 Tethys,
571 3095 696 3147 fatorum
709 3094 807 3165 ignara
818 3097 937 3164 nepotis,

183 3165 317 3233 dispulit,
335 3173 362 3216 et
375 3164 452 3217 facta
463 3173 504 3216 est
516 3165 647 3217 immensi
661 3164 743 3233 copia
754 3164 867 3225 mundi;

187 3233 352 3303 corripuere
362 3234 453 3298 viam,
470 3233 643 3304 pedibusque
655 3251 708 3302 per
719 3235 785 3286 adra
798 3233 883 3287 motis

119 3325 124 3333 ·
187 3303 333 3358 Obstantes
345 3302 457 3358 findunt
471 3302 600 3371 nebulas,
617 3303 770 3375 pennisque
781 3301 866 3356 levati
