2350 3834
46 247 50 251 -
106 235 110 247 ¹
137 220 185 286 '89
367 200 429 276 ‘a
453 219 605 276 ov1n11
624 215 821 301 Nasonis

210 369 245 421 Et
258 383 363 437 pronos
375 374 474 421 currus
492 363 585 420 medio
602 373 710 418 cratere
723 361 840 432 recepit.

141 436 195 494 425
210 441 246 493 At
258 439 356 507 Cyane,
374 445 539 506 raptamque
552 435 644 501 deam,
660 441 857 502 contemtaque
869 429 956 484 fontia
970 437 976 447 '

189 560 192 568 s
212 511 277 559 Iura
286 505 335 559 sui
345 505 489 570 moerens,
507 503 709 557 inconsolabile
721 502 822 555 uulnus

210 577 304 628 Mente
322 575 396 645 gerit
409 575 505 640 tacita,
522 573 703 643 lacrimisque
718 571 875 624 absumitur
889 568 994 623 omnia:

211 646 254 708 Et,
273 661 393 713 quarum
403 643 497 696 fuerat
510 660 645 762 maqnum
658 640 743 693 modo
758 657 872 711 numen,
888 640 920 692 in
929 639 992 693 illae

211 710 383 764 Extenuatur
397 730 489 782 aquas.
513 715 558 764 Mo
570 712 618 763 liri
633 711 762 763 membra
773 709 895 763 videres:
977 728 979 731 ·

143 777 197 838 430
214 786 280 833 Ossa
292 782 350 850 pati
361 782 463 835 flexus:
482 794 587 851 ungues
600 780 725 849 posuisse
739 778 879 849 rigorem:

212 852 360 920 Primaque
378 851 412 903 de
426 859 486 903 tota
499 850 662 902 tenuissima
677 864 804 918 quaeque
815 847 985 916 liquescunt,

213 915 340 971 Goerule'i
351 920 451 987 crines,
471 920 615 990 digitique,
634 928 765 980 statura,
781 916 939 985 pedesque:

179 1030 187 1043 s
211 993 285 1044 Nam
298 989 389 1041 brevis
402 988 432 1040 in
447 988 554 1058 gelidas
565 987 698 1040 memhris
715 987 830 1039 exilibus
840 984 929 1035 undas

213 1059 356 1110 Transitus
366 1066 415 1110 est.
432 1060 498 1111 Post
510 1057 581 1109 haec
590 1067 767 1127 tergumque,
775 1052 958 1123 humerique,
965 1050 1100 1125 lenteque,

143 1121 195 1182 4³5
212 1129 386 1196 Pectoraque
399 1126 429 1178 in
443 1136 539 1179 tenues
553 1127 656 1187 abeunt
670 1124 787 1177 evanida
798 1123 880 1177 rivos.
986 1140 990 1143 *

212 1197 338 1265 Denique
351 1212 403 1265 pro
418 1197 480 1248 vivo
494 1196 602 1247 vitiatas
616 1212 646 1247 sa
704 1194 750 1245 ine
762 1209 847 1245 venas

211 1265 339 1335 Lympha
352 1264 440 1319 subit:
458 1273 600 1334 restatque
613 1212 704 1329 nihil?
730 1263 787 1315 uod
798 1260 937 1332 prendere
949 1258 1048 1332 poesie.

97 1376 101 1384 .
246 1337 358 1386 Interea
369 1333 486 1404 pavidae
497 1332 689 1403 nequidquam
733 1332 760 1384 ia
773 1333 858 1387 matri

212 1398 401 1457 Omnibusest
415 1403 507 1463 terris,
526 1403 603 1454 omni
615 1401 740 1472 quaesita
753 1401 905 1471 profundo.

143 1471 197 1531 440
213 1471 296 1524 Illam
311 1468 370 1524 n‘on
381 1471 473 1524 rutilis
486 1472 599 1523 veniens
613 1477 720 1523 Aurora
734 1470 841 1540 capillis
905 1481 908 1491 ·

213 1538 373 1593 Cessantem
384 1540 462 1607 vidit,
483 1554 541 1593 non
555 1542 709 1610 Hesperus5
728 1540 779 1591 illa
792 1540 899 1592 duabus

211 1610 394 1662 Flammifera
408 1610 487 1678 pinus
502 1610 631 1665 manibus
644 1609 838 1661 succendit-ab
851 1613 949 1678 hema,

211 1681 321 1750 Perque
344 1678 490 1748 pruinosas
509 1678 574 1731 tulit
584 1678 737 1748 irrequieta
751 1678 891 1731 tenebras.

212 1748 326 1805 Rursus.
343 1747 393 1799 ubi
408 1749 483 1800 alma
498 1748 555 1799 dies
567 1747 714 1801 hebetarat
723 1746 823 1812 sidera,
842 1756 940 1801 natam

46 1833 50 1843 “
143 1819 197 1877 445
215 1816 287 1868 Solis
300 1815 335 1868 ad
352 1813 493 1884 dccasnm,
513 1817 582 1868 Solia
600 1817 752 1886 quaerebat
766 1816 802 1867 ab
816 1825 889 1869 ortu.

155 1888 157 1892 ’
212 1889 294 1938 Fessa
306 1885 404 1937 labore
417 1885 494 1938 sitim
507 1885 670 1956 collegerat,
691 1884 880 1954 oraque-nulli
944 1880 947 1891 ⁴

214 1952 499 2018 Colluerant'·fontes;'
519 1971 584 2006 cum
600 1963 704 2006 tectam
720 1953 853 2005 stramine
866 1952 951 2006 vidit.

140 2068 144 2073 .
161 2068 170 2091 q
211 2026 297 2076 Forte
313 2041 424 2078 casam:
437 2039 593 2104 parvasque
608 2024 686 2075 fores
696 2022 830 2091 pulsavit:
850 2023 954 2074 atinde

137 2094 143 2111 “
162 2097 171 2115 ·“
213 2090 311 2145 Prodit
322 2110 400 2159 anus,
417 2094 571 2161 Davamque
587 2092 671 2158 videt,
688 2090 832 2159 lympham
874 2094 1015 2164 eroganti

145 2160 198 2219 460
214 2161 302 2213 Dulce
316 2161 401 2228 dedit,
418 2160 493 2213 tosta
507 2160 583 2229 quod
599 2168 711 2212 coxerat
724 2169 789 2212 ante
802 2177 841 2229 po
852 2170 926 2214 enta.

212 2233 286 2283 Dum
300 2229 372 2281 bibit
384 2229 433 2281 illa
448 2230 556 2294 datum,
577 2229 639 2280 duri
654 2245 726 2298 puer
737 2228 793 2280 oris
810 2236 838 2280 et
849 2229 940 2281 audax

180 2314 183 2321 ’
214 2298 342 2350 Constitit
357 2308 423 2350 ante
437 2297 533 2361 deam3
551 2296 677 2367 risitque,
697 2297 806 2349 avidam
847 2299 994 2352 evocavit.

143 2410 167 2421 ,.,
214 2367 327 2419 Offensa
338 2375 393 2419 est:
412 2383 502 2435 neque
519 2365 611 2418 adhuc
626 2377 708 2435 epota
719 2376 808 2434 parte,
837 2375 991 2436 oquentem

139 2438 143 2445 '
216 2437 284 2500 Cum
297 2430 404 2505 liquido
416 2435 500 2486 miste
513 2435 639 2504 perfudit
654 2435 722 2487 Diva
735 2435 857 2503 polenta.
975 2452 976 2455 ’

144 2502 197 2562 455
216 2501 353 2557 Combibit
365 2521 395 2556 os
407 2504 545 2575 maculas:
564 2513 600 2569 et,
620 2522 676 2574 qua
690 2505 774 2557 modo
789 2504 905 2558 brachia
916 2503 1011 2575 gessit,

215 2575 301 2626 Crura
335 2574 399 2626 erit:
419 2573 508 2625 cauda
523 2581 564 2625 est
576 2574 689 2625 mutatis
705 2573 800 2625 addita
815 2574 965 2627 membris:

214 2647 302 2712 Inque
314 2592 432 2695 brevem
443 2643 575 2707 formam,
594 2660 630 2694 ne
642 2643 677 2694 sit
689 2644 730 2694 vis
744 2659 845 2713 magna
856 2642 988 2709 nocendi,

215 2711 408 2764 contrahitur:
427 2728 569 2782 parvaque
582 2714 676 2763 minor
688 2728 820 2763 mensura
833 2711 940 2763 lacerta
956 2720 1006 2765 eat.

213 2780 572 2850 Mirantem,'flentemque,
592 2789 620 2832 et
635 2790 750 2850 tangere
768 2789 894 2832 monstra
905 2790 1053 2850 parantem

146 2847 199 2905 460
215 2850 296 2912 Fugit
309 2850 616 2919 anitm‘latebramque
629 2849 714 2918 petit3
731 2856 882 2918 aptumque
896 2850 987 2903 colori

138 2970 141 2977 ,
214 2920 323 2972 Nomen
337 2918 431 2985 habet,
448 2918 531 2970 uariis
546 2917 670 2971 stellatus
687 2935 807 2987 corpora
821 2918 914 2998 guttis.

179 3026 180 3029 ,
250 2991 324 3050 Quas
337 2987 452 3056 dea·per
466 2995 563 3053 terras,
583 2994 692 3056 atquae
707 2996 844 3040 erraverit
855 2987 954 3056 undas,

145 3101 152 3111 ‚
214 3055 315 3108 Dicere
326 3056 411 3127 longa
424 3063 566 3108 moreest.
592 3056 744 3119 Quaerenti
758 3055 846 3108 defuit
859 3057 944 3110 orbis.

166 3142 169 3149 “
189 3128 193 3133 “
215 3125 353 3177 Sicaniam
366 3142 397 3177 re
418 3126 480 3178 etit:
500 3125 622 3194 dumque
635 3126 730 3176 omnia
739 3124 839 3176 lustrat
851 3126 959 3191 eund03

147 3192 199 3251 465
216 3195 300 3246 Venit
313 3203 341 3246 et
355 3194 391 3246 ad
398 3143 522 3262 pranen.
547 3198 594 3261 Fa,
612 3195 642 3245 ni
656 3202 765 3245 mutata
779 3194 887 3258 fuisset,

217 3263 316 3314 Omnia
325 3266 479 3314 narrasset:
498 3261 546 3315 sed
561 3272 589 3314 et
601 3280 631 3315 os
644 3272 672 3314 et
685 3263 780 3332 lingua
792 3263 896 3315 volenti

216 3332 316 3385 Dicere
327 3331 532 3392 nonaderant:
549 3349 612 3398 nec,
630 3349 685 3402 quo
697 3331 870 3402 loqueretur,
888 3331 1018 3387 habebat.
