2350 3834
10 114 12 197 l

83 260 87 269 ⁴
138 204 190 274 ω.
391 206 429 264 e.
450 161 818 268 orioronesonrs

209 356 287 420 Quae
343 350 567 426 amqoam¹iesta
585 364 642 421 este
670 372 741 411 esra
756 365 852 413 tamn
869 358 1099 415 edicturum:

156 450 160 455 ·
209 427 290 477 Perrn
321 434 544 494 estque-comes,
570 426 820 497 chlamydemque,
844 438 876 480 nt
890 430 1101 502 pendeetepte,

210 494 348 547 Collocat:
366 503 398 561 nt
413 493 531 560 limbus,
548 503 700 566 totumque
716 506 849 566 appereat
866 515 981 553 eurum:

138 563 190 623 785
207 567 245 616 Ut
261 571 334 615 teres
351 562 380 616 in
398 561 511 630 dextra,
527 580 583 634 qua
598 580 713 617 somnos
731 566 822 632 ducit,
841 575 869 618 et
886 577 974 636 ercet,

206 632 295 703 Virga
309 631 359 684 sit:
377 640 411 684 ut
426 633 506 699 tersis
522 637 633 686 niteant
649 635 747 689 talaria
766 636 876 703 plantis.

206 703 273 753 Pers
289 709 398 753 secrete
414 701 513 754 domus
530 703 617 757 chere
635 712 664 756 at
680 706 819 759 testudine
840 706 932 759 cultos
1169 736 1170 741 =

206 773 275 823 Tres
285 770 384 822 hebuit
396 771 549 825 thalamos:
568 790 690 854 quorum
704 783 752 839 tu,
778 775 932 841 Pandrose,
957 775 1099 846 dexnmn,
1169 830 1170 833 ,

206 839 341 911 Aglauros
358 839 486 907 laevum,
505 842 631 897 medium
648 844 810 913 possederat
827 847 921 899 Herse.
1101 890 1103 893 .
1169 844 1170 853 ’

136 905 190 966 740
208 913 285 973 Quae
301 908 393 961 tenuit
408 910 536 977 laevum,
555 914 715 965 venientem
731 913 823 982 prima
839 913 946 966 noterit

207 974 395 1031 Mercurium:
413 996 576 1051 nomenque
592 981 638 1034 dei
655 983 782 1034 scitarier
798 996 865 1033 ausa
882 992 934 1047 est,

204 1051 238 1100 Et
255 1065 370 1105 ceurem
385 1049 528 1103 adventus.
564 1052 614 1102 coi
630 1051 671 1103 sic
684 1051 828 1120 respondit
844 1051 960 1107 Atlantis

203 1118 387 1188 Pleionesque
402 1128 506 1188 nepes:
531 1123 590 1190 Ego
608 1137 685 1186 sum,
705 1121 754 1190 qui
770 1122 843 1175 insse
860 1134 910 1190 per
927 1138 1009 1177 auras

171 1220 175 1225 -
204 1187 296 1240 Verba
316 1187 404 1255 petris
420 1197 522 1256 porto:
544 1198 627 1257 pater
644 1199 685 1242 est
701 1189 772 1241 mihi
789 1190 893 1258 Iupiter
908 1191 978 1260 ipse.
1024 1199 1027 1206 '
1072 1220 1076 1229 «

57 1254 61 1267 ’
134 1256 186 1314 745
204 1258 262 1309 Nec
281 1256 387 1339 fingam
404 1272 515 1309 causan
532 1266 564 1309 tu
581 1266 692 1309 tentum
709 1258 765 1310 fida
783 1260 875 1313 sorori

204 1329 267 1377 Esse
284 1325 366 1388 relos,
384 1325 527 1396 prolisque
544 1343 624 1378 meae
641 1335 794 1380 matertera
810 1327 876 1382 dici.

204 1398 291 1447 Herse
307 1410 392 1446 causa
408 1396 485 1458 riee3
510 1395 604 1446 faveas
622 1413 735 1448 oremus
752 1398 868 1450 amanti.

188 1462 329 1533 *Adspicit
344 1463 419 1514 hunc
437 1464 525 1517 oeulis
540 1464 646 1530 isdem,
669 1466 772 1535 quibus
787 1465 883 1517 abdue
898 1483 989 1537 nttper

203 1533 318 1585 Viderat
335 1531 469 1613 Aglauros
485 1534 577 1589 flavae
595 1543 706 1587 secreta
722 1535 871 1600 Mineruae,

133 1606 186 1661 750
202 1605 312 1673 Proque
328 1602 484 1654 mmisterio
500 1603 597 1683 magni
611 1603 665 1656 sihi
680 1603 815 1672 ponderis
827 1620 931 1657 aurum

201 1671 333 1725 Postulat.
369 1675 479 1724 Interea
495 1681 577 1724 tectrs
595 1673 729 1725 ercedere
749 1674 833 1743 cogit.

199 1742 294 1794 Vertit
310 1739 346 1793 ed
362 1740 527 1794 hancsstervi
545 1742 598 1793 dea
615 1741 718 1794 bellica
733 1742 848 1795 luminis
866 1743 976 1811 orbem,

203 1814 238 1863 Et
254 1818 334 1863 tento
351 1809 460 1880 penitus
476 1810 562 1863 traxit
578 1810 698 1880 suspiria
713 1820 803 1877 motu,

168 1887 171 1895 '
188 1884 239 1933 ·Ut
255 1880 362 1950 pariter
377 1888 491 1949 pectus,
507 1878 686 2002 positamqqe
702 1879 732 1932 in
749 1890 865 1950 pectore
881 1882 951 1934 forti

133 1950 185 2007 755
202 1948 308 2021 Aegide
325 1959 496 2002 concuteret.
529 1949 627 2015 subit,
665 1967 718 2004 aec
736 1967 839 2003 arcane
855 1951 978 2020 profane
1033 1992 1035 1995 ·

203 2019 343 2072 Detexisse
360 2036 446 2071 manu
462 2027 539 2085 tum,
556 2032 624 2072 cuso
640 2019 700 2072 sine
717 2028 807 2072 matre
829 2031 955 2075 creatam

203 2088 381 2142 Lemnicolae
399 2089 513 2158 stirpem
530 2097 630 2141 contre
648 2089 714 2141 dote
730 2089 846 2142 foedera
863 2089 950 2142 vidit:

186 2162 237 2217 ,Et
286 2166 418 2226 atemque
433 2158 488 2219 deo
506 2157 660 2223 forciam,
679 2169 844 2230 gratamque
861 2160 968 2213 scroth

188 2231 235 2281 ·Et
271 2228 340 2279 item
356 2236 464 2292 sumto,
483 2226 559 2297 quod
575 2242 660 2280 erere
675 2229 848 2298 poposcerit,
868 2243 947 2284 euro.

132 2299 185 2353 760
201 2297 327 2349 Protinus
345 2296 475 2362 Invidiae,
492 2296 573 2368 nigro
592 2297 747 2368 squalentia
763 2298 839 2361 tabo,

200 2370 289 2420 Tecto
304 2366 386 2436 petit.
420 2369 523 2418 Demus
543 2375 585 2417 est
600 2367 663 2418 imis
679 2367 709 2418 in
726 2366 844 2419 vallibus
862 2365 938 2419 antri

200 2435 310 2503 Abdita,
328 2433 386 2486 sole
404 2452 518 2499 cerens,
535 2453 594 2487 non
610 2436 662 2488 ulli
678 2435 774 2505 persia
791 2444 889 2499 vento3

201 2505 315 2571 Tristis,
333 2513 365 2556 et
377 2503 471 2575 ignari
486 2504 647 2573 plenissime
662 2504 791 2575 frigoris,
810 2513 839 2557 et
856 2521 928 2574 quw

201 2579 268 2645 Igne
285 2581 366 2626 vacet
382 2591 508 2656 semper,
526 2574 646 2645 caligine
662 2589 774 2644 semper
790 2574 924 2629 abundet.

133 2643 184 2698 765
202 2647 262 2696 lluc
280 2643 328 2711 ubl
345 2652 472 2712 pervemt
488 2644 555 2696 belli
572 2643 725 2696 metuenda
739 2642 853 2713 sireg03

203 2713 332 2765 Constitit
348 2712 560 2785 antedonem,
578 2729 671 2782 neque
689 2713 764 2764 enim
782 2711 932 2765 succedere
949 2712 1033 2766 testie

201 2785 253 2835 Fas
269 2782 369 2848 hebet,
394 2792 422 2833 et
438 2791 529 2851 postes
547 2792 673 2834 extrema
691 2781 804 2850 cuspide
821 2781 919 2849 pulset.

144 2898 148 2903 .
203 2853 356 2903 Concussae
373 2858 488 2920 patuere
504 2852 589 2904 fores.
623 2850 707 2907 Videt
722 2850 797 2902 intus
813 2851 944 2904 edentem

154 2966 159 2969 ,
202 2921 333 2990 Vipereas
350 2936 463 2983 cernes,
480 2920 616 2975 vitiorum
633 2919 766 2972 elimenta
782 2937 907 2986 suorum,

132 2988 186 3043 770
202 2989 353 3042 Invidiam:
369 2991 483 3059 visaque
500 2990 598 3042 oculos
615 2989 724 3042 armtit.
756 2994 792 3040 et
808 2989 857 3041 ille

202 3059 296 3129 Surgit
311 3058 398 3110 humo
415 3061 511 3129 pigre,
529 3075 757 3128 semesarumque
773 3058 909 3128 relinquit

203 3129 325 3196 Corpore
341 3137 519 3196 serpentum:
538 3145 675 3198 passuque
692 3126 799 3180 incedit
813 3128 906 3181 inerti.
922 3142 924 3151 ‘

202 3200 293 3266 thue
310 3196 394 3249 deam
410 3197 494 3264 vidlt,
513 3198 661 3267 iornraque
679 3198 819 3277 erutisque
837 3196 986 3265 decoretur

200 3268 230 3315 ln
269 3266 356 3331 mult,
374 3267 538 3338 vultumque
555 3267 612 3319 ima
630 3266 666 3318 ud
680 3266 801 3335 'ruspina
818 3266 904 3319 duxit.

131 3331 183 3387 775
200 3336 219 3385 1³
249 3333 293 3388 lor
309 3335 339 3388 in
356 3353 406 3390 ore
423 3336 514 3393 sedet:
531 3336 636 3390 macies
654 3336 683 3389 io
701 3351 820 3405 corpore
836 3343 914 3388 totos
