2350 3834
280 765 322 832 P.
362 765 563 833 OVIDII
599 767 857 835 NASONIS

81 863 1046 1012 uurnuoupuosuou

351 1129 506 1188 LIBER
532 1131 778 1200 QUARTUS.

80 1428 139 1515 At
156 1480 214 1516 non
228 1464 356 1519 Alcithoe
370 1463 503 1534 Minyeias
517 1464 597 1535 orgia
612 1473 707 1517 censet

78 1533 254 1601 Accipienda
266 1535 310 1588 dei
320 1552 328 1598 ;
345 1535 394 1589 sed
407 1535 499 1587 adhuc
510 1534 662 1593 temeraria
673 1534 813 1588 Bacchum

78 1601 250 1672 Progeniem
265 1614 351 1675 negat
365 1620 423 1655 esse
436 1605 524 1669 lovis,
543 1604 688 1672 sociasque
706 1621 815 1658 sorores

80 1672 237 1740 Impietatis
249 1673 343 1726 hahet.
377 1676 490 1725 Festum
504 1673 648 1725 celebrare
665 1673 803 1739 sacerdos,

79 1742 282 1811 immunesque
297 1759 414 1813 operum
426 1742 553 1809 dominas
571 1741 747 1810 famulasque
760 1760 876 1797 suorum
1029 1747 1046 1803 5

71 1811 201 1863 'Pectora
213 1811 287 1880 pelle
303 1813 376 1885 tegi,
394 1810 513 1864 crinales
526 1809 636 1863 solvere
649 1811 741 1877 vittas,

80 1883 165 1931 Serta
179 1898 275 1947 coma,
295 1881 423 1934 manibus
437 1879 600 1939 frondentes
619 1897 730 1932 sumere
744 1878 853 1950 thyrsos

79 1952 218 2002 Iusserat:
239 1959 268 2002 et
284 1967 399 2003 saevum
412 1950 480 2002 lsesi
493 1949 555 2002 fore
571 1949 694 2000 numinis
706 1949 778 2001 iram

79 2018 260 2071 Vaticinatus
273 2029 342 2072 erat.
377 2022 480 2071 Parent
497 2028 659 2086 matresque
674 2035 829 2088 nurusque3

80 2087 241 2157 Telasque,
259 2089 455 2158 calathosque,
472 2087 634 2156 infectaque
646 2103 733 2155 pensa
747 2098 900 2156 reponunt:
1013 2092 1048 2146 10

81 2158 217 2227 'luraque
233 2158 314 2212 dant:
330 2157 528 2226 Bacchumque
541 2156 657 2222 uocant,
675 2157 890 2227 Bromiumque,
907 2159 960 2229 Ly·

711 2242 860 2296 aeumque,
907 2267 911 2275 .

13 2354 15 2365 Ι
69 2270 320 2366 ῃΙςιιίςιεηειηπῑιιθ,
339 2303 500 2416 statumque
512 2294 631 2359 iterum,
649 2294 796 2364 solumque
807 2296 968 2352 binratrem.

82 2364 206 2417 Additur
221 2366 264 2417 his
277 2368 397 2434 Nyseus,
415 2365 443 2416 in
464 2373 631 2432 etonsusque
646 2364 804 2434 Thyoneus,

83 2435 118 2484 Et
131 2450 200 2486 cum
211 2437 322 2487 Lenaeo
353 2434 449 2486 eniah's
462 2433 586 2486 consitor
598 2449 677 2499 uvae,

83 2504 304 2575 Nycteliusque,
322 2453 486 2572 deletasque
498 2518 614 2570 parens,
633 2511 661 2553 et
678 2501 811 2568 lticchus,
830 2512 859 2555 et
870 2507 960 2558 Esau:
1013 2507 1046 2560 15

83 2574 118 2622 Et
130 2589 204 2641 quae
219 2582 367 2642 praeterea
380 2589 432 2641 per
448 2573 545 2624 Graias
557 2571 681 2639 plurima
694 2580 790 2640 gentes
869 2616 873 2623 .

83 2641 222 2707 Nomina,
240 2643 339 2706 Liber,
357 2641 450 2694 habes.
477 2640 541 2692 Tibi
554 2639 630 2690 euim
645 2638 822 2692 inconsumtd
836 2642 976 2696 iuventas:

84 2711 129 2761 Tu
139 2727 211 2779 puer
221 2721 365 2777 aeternus,
383 2720 417 2771 tu
428 2708 645 2775 formosissimus
658 2708 714 2759 alto

85 2780 373 2848 Conspiceris'coelo:
391 2779 457 2843 tihi,
475 2796 541 2835 cum
551 2777 611 2829 sine
626 2777 757 2829 cornibus
773 2777 873 2845 adstas,

84 2849 250 2918 Virgineum
261 2859 347 2918 caput
362 2858 419 2901 est:
437 2847 534 2900 Oriens
547 2847 600 2898 tibi
613 2847 702 2899 victus
711 2889 728 2912 ,.
736 2847 773 2900 ad
786 2866 873 2919 usque
1010 2854 1047 2909 20

84 2918 208 2970 Decolor
222 2928 348 2972 extremo
364 2935 420 2987 qua
432 2915 472 2969 tin
495 2917 550 2968 ‘tur
562 2916 641 2968 India
653 2919 759 2986 Gange.

85 2987 211 3039 Penthea
224 2997 271 3052 tu,
289 2986 462 3048 venerande,
474 2935 742 3056 hlpenuiserumque
754 2991 915 3058 Lycurgum

85 3055 245 3126 sacrilegos
262 3066 382 3109 mactes:
400 3056 599 3123 Tyrrhenaque
612 3055 700 3106 mittis
712 3056 740 3107 in
755 3075 861 3128 aequor
957 3072 958 3075 ’

86 3125 221 3192 Corpora.
255 3129 298 3178 'l'u
310 3125 436 3196 biiugum
448 3124 529 3193 pictis
543 3124 662 3193 insignia
676 3124 761 3178 frenis

86 3192 170 3245 Colla
184 3195 286 3263 premis
302 3195 431 3262 lyncum:
456 3193 579 3245 Bacchae
596 3193 742 3263 Satyrique
756 3205 923 3265 sequuntur:
1009 3191 1044 3246 25

86 3262 201 3331 Quique
212 3280 294 3316 senex
307 3263 399 3316 ferula
412 3263 563 3314 titubantes
578 3263 671 3317 ebrius
684 3273 758 3314 artus

13 3382 14 3385 ,
86 3333 228 3401 Sustinet,
247 3343 275 3386 et
286 3333 377 3404 pando
390 3348 448 3385 nou
465 3331 577 3384 fortiter
590 3332 688 3384 haeret
697 3333 794 3413 usello.
