2350 3834
246 220 693 283 METAMORPHOSEON
710 220 791 275 LIB.
813 219 887 273 vm.
974 214 1035 280 149

85 367 205 435 Corruit,
223 376 252 422 et
263 369 383 422 multam
393 369 545 440 prostravit
555 366 682 439 pondere
692 365 800 422 silvam.

85 439 221 491 Attonitae
233 439 357 508 Dryades
371 439 474 492 damno
488 439 678 510 nemorisque,
696 450 813 506 suoque,

86 511 185 559 Omnes
197 519 362 578 germanae,
380 511 509 561 Cererem
526 526 593 561 cum
603 507 724 560 vestibus
736 505 803 556 atris

78 576 238 632 'reserentes
247 577 366 642 adeunt3
383 595 558 648 poenamque
567 574 767 629 Erieichthonie
780 580 870 628 orant.

85 644 251 714 Annuithis,
270 647 424 728 capitisque
435 648 478 699 sui
488 646 659 717 pulcerrima
669 653 751 697 motu
876 641 887 652 ‘
985 639 1038 696 780

86 714 226 766 Concussit
237 715 359 786 grandia
372 725 503 769 oneratos
517 716 653 768 messibus
667 730 767 794 agros:
955 723 959 740 ·

85 781 252 853 Moliturque
263 801 349 855 genus
361 802 469 855 poenae
480 783 653 850 miserabile,
670 799 694 834 si
704 799 763 836 non

85 851 133 905 Ille
141 851 199 905 suis
210 862 283 905 esset
293 854 365 906 nulli
377 855 541 907 miserabilis
553 853 633 918 actis,
811 849 814 860 '

85 921 216 974 Pestifere
225 923 352 976 lacerare
365 927 458 977 Fame.
493 927 571 987 Quae
588 928 725 991 quatenus
736 917 791 988 ipsi

85 994 145 1043 Non
158 991 287 1044 adeunde
299 992 382 1062 deae,
398 1008 491 1062 neque
504 993 580 1045 enim
594 993 780 1058 Cereremque
792 989 962 1056 Fernemque
986 983 1039 1039 785

85 1062 150 1112 Fata
164 1060 241 1113 coire
252 1061 361 1129 sinunt,
378 1061 507 1114 montani
518 1060 640 1113 numinis
651 1073 740 1111 unam
796 1095 799 1104 .

79 1130 197 1198 ⁴'l’nlibus
209 1139 348 1201 agrestem
361 1132 513 1200 compellat
525 1130 633 1182 oreada
647 1127 740 1180 dictisr

86 1200 130 1251 Est
139 1199 221 1250 locus
235 1201 366 1252 extremis
381 1200 510 1269 Scythiae
538 1199 647 1251 lacialis
657 1199 687 1249 in
699 1194 765 1261 oris,

85 1269 174 1320 Triste
184 1269 293 1334 solum,
313 1269 428 1335 sterilis,
445 1270 504 1321 sine
515 1218 614 1339 finge,
631 1267 691 1319 sine
703 1265 818 1328 arbore,
836 1260 935 1329 tellum

86 1337 183 1417 Frigus
192 1338 267 1390 iners
279 1337 339 1389 illic
350 1338 493 1405 hubitant,
510 1338 587 1390 Pallo
643 1353 673 1402 e,
691 1337 874 1406 Tremorque,
990 1327 1043 1384 790

86 1406 222 1459 litieiune
234 1409 347 1459 Fames:
364 1422 436 1460 ease
449 1407 480 1459 in
491 1423 610 1477 preecor
629 1406 657 1457 ia
671 1403 777 1456 condat

87 1476 220 1546 Sacrilegi
229 1476 378 1542 scelerata,
395 1476 473 1528 iube:
490 1493 546 1529 nec
562 1475 644 1545 copie
657 1489 755 1526 rerum

86 1545 187 1599 Vincat
199 1561 276 1612 eam,
294 1553 462 1616 superetque
476 1562 553 1599 meae
567 1543 721 1599 certamine
736 1540 817 1595 vireu

86 1616 158 1668 Neve
170 1615 234 1666 viae
245 1614 365 1684 spatium
382 1623 411 1666 te
427 1622 534 1666 terreat
546 1614 641 1682 accipe
653 1627 766 1665 currus:

86 1685 202 1752 Accipe,
215 1695 285 1755 quos
300 1683 386 1735 irenis
401 1683 459 1736 alte
469 1684 631 1749 moderere,
644 1680 790 1733 draconos·
992 1673 1044 1730 795

87 1755 119 1805 Et
133 1752 220 1806 dedit.
254 1752 306 1805 illa
319 1752 384 1804 dato
398 1753 531 1805 subrecta
540 1769 593 1822 per
609 1753 674 1803 aire
689 1764 774 1802 curru

87 1822 201 1876 Devenit
214 1821 244 1873 in
258 1822 414 1891 Scythiam:
431 1821 571 1892 rigidique
583 1820 730 1873 cacumine
738 1814 853 1882 montis,

89 1893 230 1944 Caucason
243 1891 400 1961 appellant,
416 1900 580 1960 serpentum
595 1888 669 1942 colla
681 1885 802 1939 levavit:
866 1916 871 1927 ·

90 1962 304 2031 Quaesitcmque
316 1963 432 2013 Famem
443 1959 569 2028 lapidoso
583 1957 653 2011 vidit
665 1956 695 2007 in
710 1971 788 2025 agro,
947 1985 950 1992 ›

88 2031 247 2101 Unguibus,
265 2038 293 2082 et
305 2047 382 2082 raras
396 2028 549 2081 vellentem
560 2026 689 2079 dentibus
700 2023 810 2076 herber.
890 2055 896 2068 ι
993 2018 1047 2072 800

89 2101 181 2153 Hirtus
195 2107 257 2152 erat
268 2098 367 2152 crinis:
385 2115 453 2151 cave
465 2097 588 2149 lumina:
604 2094 699 2166 pallor
709 2094 739 2145 in
751 2106 813 2144 ore:
1002 2088 1011 2097 '

89 2169 178 2221 Labra
191 2169 294 2222 incana
309 2169 378 2221 situ:
394 2168 486 2219 scabri
502 2165 630 2238 rubigine
644 2163 759 2217 dentesr

88 2238 162 2291 Dura
174 2237 264 2306 cutis,
279 2254 331 2308 per
344 2253 429 2307 quam
442 2237 561 2306 spectari
574 2235 683 2288 viscera
693 2237 821 2316 possent:

72 2321 77 2336 ⁴
90 2310 153 2360 ossa
163 2309 218 2361 sub
232 2307 352 2359 incurvis
365 2306 509 2358 emanent
521 2304 601 2357 arida
610 2303 727 2356 lumbis:

90 2378 198 2430 Ventris
211 2383 342 2446 cratvpro
354 2381 451 2429 ventre
464 2374 557 2427 locus:
610 2367 697 2426 ridere
710 2376 823 2440 putarer
995 2361 1047 2416 805

89 2446 203 2514 Pectus,
222 2453 252 2498 et
265 2462 309 2497 as
331 2445 337 2456 ‘
359 2462 392 2498 ae
405 2453 563 2496 tentummo
584 2461 601 2495 o
613 2450 691 2495 crate
702 2437 803 2492 teneri.

90 2518 209 2568 Auxerat
222 2514 294 2567 artic
325 2531 356 2566 os
368 2513 486 2578 macies,
503 2526 683 2584 genuumque
695 2509 721 2560 ri
741 2507 806 2560 ebat

91 2585 183 2652 Orbis,
203 2592 233 2636 et
244 2583 400 2636 immodico
416 2582 566 2651 prodibant
577 2581 679 2634 tubere
691 2586 705 2628 t
736 2576 753 2629 ¹.

90 2655 166 2706 Hanc
180 2653 284 2724 procul
294 2661 327 2705 ut
339 2652 424 2717 vidit,
440 2668 532 2720 neque
544 2650 621 2702 enim
633 2657 675 2700 eet
684 2644 819 2699 accedere
831 2642 909 2694 iuxta

90 2727 175 2790 Ausa,
194 2722 284 2775 refert
297 2720 428 2773 mandata
442 2720 526 2784 deee;
542 2719 725 2789 peullumque
735 2719 856 2777 morata,
995 2705 1048 2764 810

91 2795 269 2862 Quamquam
281 2790 378 2843 ebersu
388 2791 483 2860 longe,
496 2804 668 2859 quamquam
678 2783 763 2840 modo
776 2787 891 2835 uenerat
900 2779 978 2846 illuc,

91 2862 258 2914 Visatamen
269 2860 384 2912 renuisse
395 2862 526 2922 Famem;
542 2867 676 2925 retroque
687 2854 823 2906 dracones

91 2931 153 3002 Egit
167 2931 199 2983 in
213 2929 413 2994 Haemoniam,
429 2928 517 2981 versis
532 2927 657 2980 sublimis
670 2921 795 2977 babonis.

123 3000 208 3053 Dicta
221 3002 318 3052 Fames
333 2997 455 3063 Cereris,
474 2997 600 3068 quamvis
613 2992 755 3049 contraria
766 3004 878 3061 semper

91 3068 168 3121 Illius
181 3075 224 3121 es‘t
234 3068 329 3138 operi,
347 3068 472 3138 peregit3
489 3082 596 3137 perque
608 3068 676 3117 aira
689 3070 773 3116 vento
879 3093 884 3102 ·
996 3048 1048 3108 815

92 3137 133 3190 Λᾶ
146 3138 252 3190 iussam
266 3137 358 3195 delata
370 3135 486 3189 domum
499 3144 556 3190 est:
577 3143 606 3187 et
615 3132 743 3204 prothus
753 3131 841 3184 intrat

93 3206 230 3278 Sacrilegi
236 3206 389 3260 thalamos:
405 3206 519 3275 altoque
530 3219 631 3274 sopore
640 3202 773 3267 solutum,

92 3276 189 3329 Noctis
202 3283 265 3328 erat
274 3284 401 3358 tempus,
438 3273 535 3327 eminis
546 3271 728 3342 amplectitur
740 3268 806 3322 aliti

93 3341 404 3419 Sequebiroinepuet,
471 3357 586 3417 aesque,
605 3350 636 3396 et
647 3349 762 3413 pectus,
781 3344 872 3398 etkora
