2350 3834
142 192 207 269 sto
290 242 294 249 .
411 196 444 251 s.
467 194 618 250 ovum
638 190 827 250 uasoms

212 340 264 395 llla
278 339 345 394 feris
358 346 451 392 atram
462 338 576 393 crnibus
591 338 764 410 succingitur
777 338 881 405 alvum,

212 411 335 482 Virginis
346 426 397 462 ora
408 416 522 480 gerens:
542 419 578 477 et,
596 410 687 462 sinon
701 409 797 461 omnia
807 419 886 461 vates
912 412 914 419 ’

211 479 289 534 Ficta
302 478 487 548 reliquerunt,
505 478 599 548 aliquo
613 495 724 548 quoque
737 489 865 547 tempore
876 478 968 549 virgo.

143 549 196 609 735
212 553 290 603 lianc
306 548 389 601 multi
398 547 506 616 petiere
523 547 617 617 proci:
635 549 735 617 quibus
749 548 797 599 illa
811 547 929 617 repulsis

212 618 256 672 nd
269 618 359 689 pelagi
374 612 524 698 Nymphas,
541 616 635 686 pelagi
645 616 801 688 gratissima
815 615 959 686 Nymphis,

213 688 285 753 litet,
303 696 333 741 et
349 686 439 749 elusos
448 703 581 739 iuvenum
593 687 726 739 narrabat
740 704 861 740 amores.

104 789 108 801 ι
214 760 316 822 Quam,
334 756 402 809 dum
414 756 564 825 pectendos
575 756 692 825 praebet
706 756 822 808 Galatea
832 754 959 823 capillos,

213 826 327 879 Talibus
342 825 503 897 alloquitur,
518 834 648 895 repetens
658 825 785 895 suspiria,
802 825 896 877 dictis:

145 893 199 954 740
214 898 254 949 Te
267 905 372 956 tamen.
391 913 407 949 o
422 895 511 966 virgo,
528 912 617 967 genus
630 895 704 947 haud
716 895 825 947 immite
839 894 966 945 virorum

213 965 337 1036 Erpetit:
354 973 441 1046 utque
453 964 533 1031 fucis,
550 972 630 1034 potes
642 964 686 1016 his
699 965 814 1033 impune
825 979 939 1034 negare.

215 1039 253 1088 At
265 1035 344 1101 mihi,
361 1052 408 1088 ctu
419 1043 501 1104 pater
516 1044 557 1087 est
571 1036 688 1101 Nereus,
707 1051 791 1103 quam
803 1032 917 1085 caerula
931 1028 1010 1085 Doris

192 1148 198 1159 .
214 1105 301 1158 Enixa
313 1111 364 1171 est,
382 1121 452 1173 quae
467 1121 530 1157 sum
543 1104 627 1155 turha
641 1120 754 1173 quoque
766 1112 829 1155 tuta
844 1118 982 1167 sororum,

216 1175 280 1227 Non
292 1173 346 1225 nisi
358 1190 410 1242 per
420 1174 524 1225 fluctus
539 1173 621 1226 licuit
633 1172 759 1242 Cyclopis
772 1188 899 1224 amorem

147 1242 200 1301 745
217 1244 362 1314 Effugere3
381 1251 410 1294 et
423 1242 558 1297 lacrimae
572 1259 673 1294 vocem
683 1242 836 1311 impediere
849 1239 996 1310 loquentis.

219 1316 291 1376 Quas
305 1311 353 1363 ubi
366 1328 525 1364 marmoreo
536 1311 771 1380 'detersitpollice
786 1312 876 1380 virgo,

216 1383 251 1433 Et
261 1381 351 1432 solata
363 1380 446 1432 deam
459 1390 517 1444 est;
535 1381 622 1444 refer,
640 1398 657 1432 o
671 1380 822 1445 carissima,
840 1378 916 1444 dixit,

219 1449 354 1505 Neretui
368 1466 481 1501 oausam
492 1458 566 1519 tege,
584 1466 647 1501 sum
660 1450 712 1502 tibi
726 1450 792 1514 fida,
811 1448 924 1501 doloris.

175 1566 179 1573 .
217 1521 315 1572 Nereis
328 1518 369 1570 his
383 1527 481 1571 contra
495 1527 624 1581 resecuta
639 1519 785 1572 Crataeide
799 1526 910 1570 natam:
1033 1578 1036 1583 ,

149 1588 203 1644 750
219 1588 283 1641 Acis
296 1596 366 1654 erat,
383 1591 476 1640 Fauno
489 1584 674 1657 Nymphaque
687 1588 864 1657 Symaethide
879 1594 978 1651 cretus,

218 1660 321 1728 Magna
335 1657 448 1727 quidem
459 1658 603 1728 patrisque
614 1657 665 1724 sui,
683 1659 836 1728 matrisque
848 1654 983 1724 voluptas,

220 1729 322 1780 Nostra
332 1736 429 1779 tamen
442 1727 542 1784 maior.
567 1730 640 1779 Nam
654 1745 699 1781 me
716 1727 768 1780 sibi
779 1728 906 1779 iunxerat
920 1723 969 1777 uni

219 1796 335 1849 Pulcer:
354 1804 391 1862 et,
409 1795 519 1848 octonis
533 1796 642 1851 iterum
650 1797 790 1849 natalibus
800 1796 879 1860 actis,

221 1865 349 1936 Signarat
363 1865 447 1918 dubia
459 1874 571 1918 teneros
582 1865 715 1937 lanugine
728 1865 826 1919 malos.

151 1933 203 1990 755
220 1937 301 1987 llunc
318 1952 379 2006 ego,
387 1951 433 1987 me
449 1935 565 2004 Cyclops
575 1935 653 1987 nullo
667 1953 734 1991 cum
746 1936 802 1989 fine
815 1933 941 2003 petebat:

220 2007 288 2068 Nec,
305 2005 329 2058 si
344 2004 504 2075 quaesieris,
520 2005 616 2059 odium
630 2005 766 2073 Cyclopis,
784 2020 900 2057 amorne

220 2073 314 2126 Acidis
324 2073 353 2126 in
368 2075 448 2126 nobis
464 2074 551 2126 fuerit
562 2074 745 2142 praesentior,
763 2074 862 2129 edam:

220 2145 274 2196 Par
283 2153 434 2214 unumque
445 2143 508 2211 luit.
529 2146 583 2196 Pro
596 2152 701 2213 quanta
711 2145 837 2212 potentia
849 2140 931 2212 regni

222 2216 277 2278 Est,
291 2215 383 2279 Venus
395 2213 479 2279 alma,
496 2212 554 2265 tui!
571 2230 637 2265 nem
659 2213 735 2266 eille
749 2213 875 2274 immitis,
890 2219 918 2263 et
929 2208 995 2281 ipsis

153 2282 206 2338 760
223 2283 383 2334 Horrendus
398 2281 482 2347 silvis,
500 2289 529 2334 et
538 2281 611 2334 visus
625 2232 660 2337 ah
674 2282 783 2355 hospite
794 2281 872 2334 nullo

222 2355 349 2432 Impune,
367 2359 394 2404 et
406 2350 503 2421 magni
514 2367 578 2403 cum
592 2352 633 2402 dls
644 2361 804 2407 contemtor
816 2347 935 2418 Olympi,

224 2420 298 2485 Quid
312 2421 348 2473 sit
359 2438 448 2487 amor,
466 2420 558 2486 sentit,
577 2421 720 2491 nostrique
733 2420 863 2491 cupidine
878 2426 976 2486 captus

195 2484 198 2495 ¹
225 2491 331 2557 Uritur,
350 2490 451 2545 oblitus
462 2506 607 2559 pecorum,
624 2499 827 2571 antrorumque
839 2505 965 2545 suorum.

223 2563 338 2630 lamque
353 2561 403 2613 tibi
417 2559 537 2625 formas,
553 2558 666 2630 iamque
680 2569 721 2613 est
735 2560 787 2612 tiln
801 2576 869 2612 cura
880 2555 1021 2626 placendi;

154 2631 207 2688 765
223 2633 283 2681 Iam
293 2630 319 2682 ri
339 2629 399 2685 idos
411 2629 500 2699 pectis
513 2629 619 2696 rastris,
636 2626 815 2698 Polypheme,
832 2627 967 2696 capillos:

223 2703 283 2752 lam
302 2648 372 2751 niet
385 2699 524 2753 hirsutam
536 2698 591 2750 tihi
603 2699 678 2752 falce
690 2699 818 2752 recidere
829 2698 960 2761 berham,

224 2769 259 2820 Et
271 2786 284 2819 s
305 2776 398 2822 ectare
410 2769 485 2821 feros
496 2767 525 2819 in
540 2784 621 2838 aqua,
639 2777 668 2823 et
682 2784 852 2836 componere
862 2766 964 2818 vultus.

225 2838 278 2889 Cae
301 2837 321 2891 's
332 2855 423 2904 amor,
439 2836 601 2906 feritasque,
618 2838 733 2907 sitisque
748 2837 886 2889 immensa
897 2831 1004 2887 cruorit

228 2908 354 2966 cessant:
373 2915 401 2960 et
411 2913 491 2958 tutae
503 2906 607 2958 veniun
659 2924 682 2971 e,
700 2907 859 2976 abeuntque
870 2905 991 2957 carinae.

157 2974 210 3032 770
226 2974 355 3031 Telemus
367 2975 473 3026 interea
483 2974 608 3028 Siculam
639 2977 727 3029 elatus
739 2975 776 3028 ad
787 2980 904 3042 Aetnen,
1036 3016 1037 3019 η

226 3045 355 3096 Telemus
369 3042 540 3110 Eurymides,
559 3062 643 3114 quem
654 3045 732 3098 nulla
742 3045 886 3099 fefellerat
898 3043 966 3107 ales,

227 3112 394 3169 Terribilem
407 3111 598 3180 Polyphemon
610 3114 678 3177 adit,
694 3118 866 3184 Lumenque‚
884 3112 960 3183 quod
971 3128 1055 3167 untun

228 3185 331 3234 Fronte
342 3180 416 3253 geris
428 3181 529 3247 media,
546 3183 636 3250 rapiet
650 3184 712 3250 tibi,
731 3183 809 3249 dixit,
827 3183 928 3236 Ulixes.

227 3250 305 3317 Risit,
317 3259 359 3316 et,
377 3254 508 3307 ovatum
518 3251 706 3319 stolidissime,
722 3253 838 3320 falleris,
853 3251 961 3321 inquit:

160 3316 212 3372 776
229 3318 395 3383 Alteraiam
404 3318 505 3390 rapuit
539 3320 585 3376 Sic
595 3322 702 3377 frustra
712 3339 780 3400 yera
790 3331 956 3377 monentem
