2350 3834
88 306 92 319 .
151 248 217 320 stt
269 276 307 311 ·,
409 245 845 310 eor-rnnussoms
936 254 938 259 ¹

213 398 379 469 Elatamqne
392 396 458 462 alte,
476 394 564 450 veluti
576 394 625 465 qni
639 394 760 450 candida
777 395 854 452 teari
936 411 940 423 ²
961 432 966 438 -

131 472 136 483 ⁴
160 484 163 488 ’
213 470 354 539 Rumpere
369 467 497 520 sacrifica
509 464 628 519 molitur
644 465 718 517 colla
729 468 830 534 securi,

145 538 198 594 250
215 538 295 590 Illisit
316 537 404 589 fronti
415 536 550 606 Lapithae
566 534 735 601 Celadontis,
753 544 782 586 et
797 552 861 590 osse

122 655 128 670 ,
214 609 278 660 Non
293 606 470 678 agrioscendo
489 605 610 658 confusa
628 603 743 674 reliquit
759 605 789 656 in
804 622 864 675 ore.

213 675 353 729 Exsiluere
366 675 450 742 oculi,
470 675 649 745 disiectisque
670 674 775 726 ossibus
790 675 848 727 oris
900 716 902 721 .

211 749 282 797 Acta
295 754 372 798 retro
386 745 471 811 naris,
487 745 640 814 medioque
651 743 736 795 infixa
749 743 844 811 pelato
858 752 918 799 est*

196 816 292 866 ¹Hunc
307 815 378 885 pede
393 815 526 867 convulso
547 829 660 866 mensae
676 813 801 864 Pellaeus
813 830 935 867 scamas

144 883 197 939 255
214 876 316 937 Stravit
330 885 409 939 humi
421 883 537 952 Belates,
556 883 672 935 disiecto
690 886 720 934 in
737 892 856 950 pectora
868 892 976 952 mento,

212 955 338 1023 Cumque
350 962 412 1005 atro
428 953 525 1005 unctos
540 960 700 1021 sputantem
717 953 852 1025 sanguine
865 953 962 1007 dentes
1054 996 1057 1003 ,

211 1021 332 1074 Vulnere
342 1025 490 1075 Tartareas
502 1023 644 1092 geminato
658 1020 747 1072 mittit
761 1023 798 1074 ad
810 1023 935 1079 umbras
975 1035 978 1037 ’

211 1093 355 1144 Proximus
369 1100 401 1143 ut
413 1100 536 1158 steterat,
553 1099 681 1159 spectans
695 1090 796 1143 altaria
808 1091 887 1144 vultu

185 1164 194 1211 Γ
213 1161 330 1213 Fumida
340 1161 472 1229 terribili,
492 1163 547 1213 Cur
568 1178 634 1226 non,
653 1159 701 1227 ait,
720 1161 829 1212 utimur
844 1159 925 1213 istis?

143 1227 196 1285 260
213 1230 400 1300 Cumqucsnis
411 1232 538 1298 Gryneus
547 1229 703 1281 immanem
719 1230 831 1282 snsnslit
845 1229 927 1282 aram

211 1299 333 1370 Ignibus,
353 1308 382 1352 et
394 1300 520 1351 medium
530 1299 715 1368 [apitharum
730 1299 797 1351 iecit
809 1299 838 1350 in
857 1316 969 1370 agmen,

211 1368 491 1438 Depressitquednos‚
507 1372 637 1435 Brotean,
655 1368 784 1423 etOrion.
814 1369 880 1421 Orio
915 1404 917 1409 ,

120 1452 131 1477 v
212 1439 304 1489 Mater
316 1447 377 1490 erat
392 1437 518 1505 Mycale:
542 1454 630 1507 quam
644 1437 787 1489 deduxisse
805 1437 943 1492 canendo

167 1503 187 1559 ,“.’
194 1550 199 1557 ,
211 1510 299 1575 Saepe
311 1507 476 1559 reluctantis
489 1506 638 1558 constabat
651 1522 758 1558 cornus
772 1509 875 1560 Lunae.

141 1574 194 1630 265
211 1578 275 1635 Non
291 1576 407 1644 impune
419 1576 502 1636 feres,
526 1568 577 1628 teli
592 1575 678 1628 modo
698 1575 780 1646 copia
797 1576 889 1643 detur,
928 1592 936 1599 ·

194 1644 324 1697 'Dixerat
340 1645 471 1698 Exadius:
502 1644 607 1715 telique
621 1645 709 1697 habet
719 1645 817 1706 instar,
833 1645 864 1697 in
885 1644 944 1699 slis

212 1717 288 1778 Quae
305 1714 513 1784 fonsntvpinn
527 1714 614 1767 votivi
633 1731 741 1766 cornus
755 1715 840 1767 cervi.

209 1783 318 1853 Figitur
331 1783 441 1837 huicdu
461 1784 509 1836 lici
520 1785 648 1853 Gryneus
658 1784 689 1836 in
708 1784 816 1837 Iuntina
830 1799 923 1845 ramo,

213 1853 380 1934 Eruiturque
393 1871 411 1905 o
461 1870 509 1905 os:
534 1864 656 1925 qaorum
667 1869 733 1922 pers
751 1852 885 1906 cornibus
897 1853 1005 1918 heard,

141 1923 195 1977 270
210 1923 277 1975 Pars
292 1922 357 1975 fluit
368 1922 399 1974 in
410 1922 537 1982 horbam,
563 1932 698 1976 concreta
739 1939 754 1974 e
770 1924 905 1992 ssnguine
921 1921 1036 1992 pendet.

209 1994 283 2044 Ecce
296 1993 374 2061 rapit
384 1993 483 2045 modiis
496 1994 667 2064 flegrcntem
682 1995 704 2043 R
725 2001 805 2045 cetus
824 1992 860 2043 ab
876 1992 933 2046 aris

208 2061 366 2114 Prunitium
389 2071 506 2124 torrem,
526 2062 679 2132 dextraque
691 2064 707 2113 is
720 2070 800 2130 parte
821 2060 940 2117 ebant

209 2133 351 2199 Tempora
371 2131 522 2202 perfringit
531 2131 611 2183 fulvo
623 2138 753 2200 protecta
765 2130 878 2199 capillo.

211 2201 340 2268 Correpti
356 2200 464 2268 rapida,
480 2200 571 2253 veluti
581 2216 660 2271 seges
676 2200 762 2266 aride,
779 2201 898 2254 flamma

140 2270 192 2327 275
209 2273 346 2321 Arserunt
361 2270 467 2321 crines:
487 2277 516 2321 et
525 2269 642 2322 vulnere
653 2270 766 2340 seriptis
777 2270 885 2322 inustus

209 2337 509 2390 Terribilem-stridore
529 2356 628 2391 sonum
642 2336 731 2404 dedit3
749 2348 782 2391 ut
794 2339 861 2391 dare
873 2338 986 2392 ferrmrt

209 2411 278 2478 Igne
297 2408 402 2460 rubens
430 2408 578 2478 lerumque
592 2408 675 2475 solat,
699 2408 776 2490 qaod
788 2408 898 2478 forcipe
913 2424 1000 2462 cuna

210 2479 280 2529 Cum
293 2477 402 2530 fahtre
442 2478 491 2544 xit,
507 2477 625 2531 lacubus
636 2478 775 2530 demittit:
795 2486 825 2530 ot
837 2477 910 2531 illud

146 2568 151 2593 a
191 2554 195 2565 ¹
208 2546 321 2613 Stridet,
340 2556 369 2599 et
382 2548 411 2598 in
421 2547 533 2616 trepida
546 2548 722 2600 submersum
730 2547 825 2600 sibilat
834 2546 921 2603 emtis.

139 2618 193 2673 280
210 2616 324 2670 Saucius
338 2615 452 2668 hirsutis
464 2616 579 2669 andum
592 2617 628 2669 de
646 2617 768 2669 crinibus
781 2617 878 2688 ignem

156 2742 161 2747 .
208 2684 326 2751 Excutit,
342 2685 428 2756 inque
437 2685 571 2738 humeros
580 2685 668 2736 limen
678 2686 783 2736 tellure
793 2687 938 2739 revulsum
969 2744 973 2751 ⁶

130 2784 138 2793 -
208 2752 304 2819 Tcih't,
322 2770 396 2807 onus
406 2754 540 2824 plaustri:
557 2752 633 2823 quod
646 2771 682 2806 ne
693 2753 840 2822 permittat
852 2752 883 2804 in
896 2754 1016 2820 hostem,

208 2825 270 2892 Ipsa
284 2823 354 2876 facit
364 2825 492 2894 gravitas.
526 2823 640 2876 Socium
653 2839 767 2893 quoque
778 2838 861 2874 saxea
875 2821 967 2874 moles

209 2893 351 2960 Oppressit
362 2893 451 2962 spatio
469 2900 592 2944 stantem
602 2892 735 2962 propiore
742 2895 885 2945 Cometen.
965 2935 967 2939 .

139 2963 191 3021 285
209 2961 318 3013 Gaudia
331 2978 385 3013 nec
398 2962 501 3013 retinet
514 2961 645 3014 Rhoetus.
680 2962 725 3014 Sic
738 2977 915 3030 comprecor,
931 2958 1030 3032 inquit,

209 3032 324 3082 Caetera
340 3030 375 3081 sit
386 3029 468 3081 fortis
481 3038 639 3095 castrorum
649 3032 735 3083 turba
743 3033 881 3083 tuorum!

209 3098 438 3168 semicremoque
452 3108 539 3153 novat
551 3101 701 3168 repetitum
714 3100 807 3169 stipite
818 3099 930 3165 vulnus,
953 3120 955 3125 ⁴

208 3170 319 3247 Terque
333 3172 487 3237 quaterque
501 3168 579 3239 gravi
593 3169 737 3221 iuncturas
751 3168 864 3222 verticis
876 3169 937 3222 ictu

209 3239 307 3303 Rup1t:
326 3235 393 3288 et'in
406 3236 515 3307 liquido
529 3238 664 3289 sederunt
678 3242 742 3291 ossa*
756 3238 883 3292 cerebro.

142 3306 196 3359 290
212 3304 310 3357 Victor
324 3305 359 3356 ad
370 3308 524 3376 Euagrum,
541 3306 758 3377 Corythumque,
775 3310 953 3379 Dryantaque
969 3300 1071 3359 uomit·

209 3372 345 3442 liquibus
359 3375 497 3445 utprima
510 3374 601 3428 iectus
613 3375 747 3448 lanugine
759 3377 849 3430 aab»
942 3418 945 3421 >
