2350 3834
268 862 272 879 '
316 880 359 950 r.
382 852 589 951 'ov1u11
620 881 875 951 unsours
1155 962 1159 971 .

92 1015 1085 1117 .Murnuouruosuon

393 1211 549 1271 LIBER
576 1211 805 1282 QUINTUS.
1163 1274 1165 1344 1

189 1471 338 1578 Dumque
356 1523 389 1560 ea
406 1507 565 1578 Cephenum
579 1508 672 1561 medio
690 1511 828 1563 Danaeius
843 1509 927 1564 heros

190 1579 307 1652 Agmine
325 1588 547 1643 commemorat;
565 1578 682 1659 frerpitu
698 1580 803 1651 regalia
819 1582 920 1634 turbae
1012 1613 1016 1618 ·

189 1651 268 1703 Atria
286 1647 477 1716 complentur:
493 1664 547 1702 nec
565 1647 735 1718 coniugialia
750 1648 823 1702 festa

192 1719 246 1784 Qui
263 1725 363 1783 canat,
382 1725 423 1768 est
441 1717 564 1781 clamor3
582 1717 631 1769 sed
650 1719 697 1786 qui
714 1718 776 1771 fera
791 1718 902 1772 nuntiet
919 1731 1017 1770 arm&

121 1786 139 1840 5
189 1792 277 1857 Inque
294 1786 453 1855 repentinos
470 1787 597 1845 convicia
612 1804 693 1839 versa
709 1787 846 1839 tumultus
1165 1776 1167 1859 l

189 1854 356 1909 Assimulare
373 1855 447 1907 freto
464 1856 569 1925 possis,
588 1856 664 1925 quod
680 1873 762 1909 saeva
780 1856 907 1937 quieturus
1166 1870 1167 1877 ’

188 1928 344 1977 Ventorum
360 1924 452 1977 rabies
468 1925 552 1977 motis
569 1935 713 1994 exasperat
730 1926 820 1982 undis.

188 1997 297 2048 Primus
311 1993 342 2044 in
357 1993 401 2049 his
419 1992 552 2062 Phineus,
568 1994 638 2047 belli
653 1996 817 2063 temerarius
826 2002 943 2062 auctor,

189 2064 354 2116 Fraxineam
372 2063 497 2133 quatiens
514 2073 629 2127 aeratae
647 2064 766 2133 cuspidis
783 2065 901 2130 hastam,

122 2130 156 2183 10
189 2137 246 2200 En,
263 2133 317 2195 ait,
336 2149 385 2198 en,
403 2132 501 2184 adsum
517 2143 682 2202 praereptae
701 2134 826 2204 coniugis
843 2133 928 2186 ultor.

190 2204 249 2255 Nec
266 2201 336 2253 mihi
352 2210 380 2253 te
396 2218 520 2270 pennae,
537 2219 591 2257 nec
608 2202 712 2255 falsum
728 2220 822 2256 versus
839 2203 869 2255 in
885 2217 988 2256 aunam

191 2271 305 2340 Iupiter,
323 2269 449 2338 eripient.
485 2272 603 2323 Conanti
619 2273 730 2324 mittere
747 2272 879 2341 Cepheus,
904 2322 906 2325 ,

192 2341 265 2405 Quid
281 2339 370 2392 facis?
388 2339 539 2391 exclamat:
558 2357 630 2410 quae
647 2350 691 2406 te,
729 2358 858 2408 ermane,
874 2340 1020 2393 furentem

191 2413 269 2462 Mens
286 2408 344 2480 agit
360 2408 390 2459 in
407 2407 538 2461 facinus?
554 2409 698 2462 meritisne
709 2359 785 2464 draeo
802 2409 893 2482 gretia
908 2409 994 2462 tantis

123 2477 156 2533 1⁵
190 2477 348 2532 Redditur?
365 2478 418 2529 heo
436 2477 523 2529 vitam
541 2487 664 2531 servatae
683 2479 747 2533 dote
763 2479 913 2549 rependis?

192 2552 283 2611 Quam
295 2547 348 2599 tibi
364 2564 421 2598 non
438 2549 566 2615 Perseus,
584 2566 683 2605 verum
698 2549 723 2601 'ai
740 2549 862 2620 quaeris,
880 2546 999 2601 ademit:

192 2617 246 2669 Sed
264 2633 349 2687 grave
366 2616 520 2671 Nereidum
536 2635 659 2685 numen,
676 2618 727 2677 sed
745 2619 875 2689 corniger
890 2623 1023 2689 Ammon,

193 2686 247 2737 Sed
265 2703 337 2755 quae
353 2685 505 2738 visceribus
522 2687 652 2739 veniebat
668 2686 763 2739 bellua
779 2697 865 2757 ponto
913 2730 915 2735 .

191 2755 379 2807 Ersaturanda
396 2755 472 2808 meis.
506 2754 559 2808 Illo
576 2757 629 2817 tihi
645 2766 702 2809 tem
724 2773 772 2809 ore
793 2766 872 2826 rapta
889 2763 941 2821 est,

122 2823 159 2879 20
193 2827 255 2886 Quo
273 2824 397 2892 peritura
415 2824 478 2878 fuit.
512 2824 571 2877 Nisi
588 2825 627 2891 si,
646 2775 780 2891 crudelis,
796 2826 825 2878 id
842 2825 935 2895 ipsum

192 2892 298 2962 Exigis,
315 2900 347 2944 ut
363 2902 474 2961 pereat:
498 2891 634 2965 luctuque
649 2894 778 2947 levabere
795 2903 902 2949 nostro.

193 2961 306 3013 Scilicet
321 2962 475 3016 haudsatis
493 2972 548 3030 est,
568 2964 659 3033 quod,
676 2972 704 3016 te
721 2973 874 3032 spectante,
891 2962 1018 3017 revincta
1030 2972 1085 3033 eet,
1119 3001 1122 3004 -

193 3033 227 3082 Et
244 3030 350 3082 nullam
368 3031 444 3100 quod
462 3048 545 3099 opem
561 3043 680 3101 patruus
694 3049 844 3103 sponsusve
861 3031 965 3097 tulisti;

192 3103 322 3167 Insuper,
340 3116 357 3151 a
374 3117 519 3170 quoquam
537 3102 613 3172 quod
629 3102 666 3154 sit
680 3112 804 3168 servata,
821 3102 937 3167 dolebis,

123 3168 160 3225 25·
192 3168 373 3238 Praemiaque
392 3168 512 3237 eripies?
531 3188 602 3245 qnae
620 3170 643 3222 si
659 3170 711 3223 tibi
728 3188 831 3242 magna
847 3171 994 3239 videntum

192 3239 231 3289 Ex
248 3236 302 3288 illis
320 3237 454 3306 scopulis,
472 3238 522 3289 uhi
540 3249 620 3292 erant
636 3240 734 3308 affixa,
751 3242 879 3309 petisses:

193 3307 274 3371 Nunc
287 3305 358 3375 eine,
376 3306 424 3376 qui
435 3307 525 3376 petiit,
542 3325 595 3380 per
609 3326 695 3380 quem
706 3310 777 3364 haec
791 3328 849 3364 non
862 3309 931 3363 orbe
942 3319 1084 3367 senectae.
