2350 3834
264 231 710 293 Meramournusnon
727 235 823 291 (ΜΒ.
844 237 903 297 XV.

107 383 302 439 sumerentur
313 379 452 448 imminu,
468 388 617 453 terraeque
629 380 910 437 arnittereiorinana:

19 506 23 519 ,
106 440 218 521 Ordque
228 451 354 509 venturis
363 453 471 519 aperire
481 451 606 507 recentia
618 451 699 504 fatis:

104 519 256 590 indigenae
268 519 360 572 dixere
377 522 486 592 Tagen:
505 521 553 590 qui
566 520 675 589 primus
688 523 833 575 Etruscam

103 588 224 641 Edocnit
235 599 348 659 gentem
363 607 441 643 casus
455 592 564 658 aperire
576 589 701 653 futur0s3
736 614 738 617 ·

103 661 197 728 thue
211 658 340 710 Palatinis
353 659 521 713 haerentem,
530 658 650 711 collibus
666 657 735 711 olim
915 684 918 699 ι

103 727 175 779 Cum
189 727 280 779 subito
288 728 364 785 2vidit
377 727 560 781 frondescere
570 727 705 779 Romulus
718 728 837 794 hastam,

103 798 182 859 Quae
197 797 293 849 radice
304 813 391 864 noca,
408 802 465 848 non
478 796 556 849 ferro
569 797 662 849 stabat
674 796 785 864 adacto,

100 865 208 917 Etiam
222 883 280 916 non
294 865 397 930 telum,
413 865 464 917 sed
477 864 548 917 lenti
558 865 668 919 viminis
683 866 769 917 arbor

99 936 167 987 Non
180 943 351 1002 exspectatas
366 932 452 987 dabat
465 934 667 989 admirantibus
678 935 808 997 umbram

98 1005 221 1063 Autsua
232 1003 368 1067 fluminea
380 1020 445 1059 eum
459 1002 528 1057 vidit
539 1004 619 1073 Cipus
631 1003 662 1055 in
675 1004 751 1056 unda

99 1074 225 1138 Cornua,
243 1072 312 1145 vidit
326 1072 589 1142 enim„ialsumque
603 1070 633 1124 iii
644 1074 700 1125 ima
723 1072 729 1083 ‘
752 1070 895 1125 ecredens
964 1089 967 1093 ·

97 1145 165 1194 Esse
177 1142 279 1209 fidem,
296 1141 389 1212 digitis
401 1142 437 1194 ad
447 1142 572 1197 frontem
583 1159 665 1210 saepe
678 1159 709 1194 re
721 1141 782 1207 atis,

99 1215 180 1275 Quae
193 1211 274 1278 vidit,
292 1210 399 1282 tetigit:
417 1228 471 1264 neo
485 1212 542 1264 iam
554 1229 604 1264 sua
615 1211 723 1264 lumina
736 1211 871 1264 damnans

63 1339 69 1351 ,
96 1280 224 1332 Restitit:
239 1290 274 1337 ut
287 1281 379 1333 victor
393 1280 500 1334 domito
516 1281 661 1334 remeabat
674 1281 709 1333 ab
721 1281 810 1345 hoste,

96 1349 142 1401 Ad
157 1349 271 1402 coelum
291 1366 326 1401 ue
339 1349 451 1415 oculos,
469 1359 498 1402 et
509 1350 608 1403 eodem
620 1350 738 1403 brachia
749 1349 862 1414 tollens,
887 1383 890 1387 -

96 1418 257 1497 Quidquid,
272 1369 330 1485 lit,
348 1419 464 1488 Superi,
481 1428 608 1472 monstro
623 1418 802 1488 portenditur
811 1419 876 1482 isto,

95 1491 153 1539 Seu
166 1489 273 1540 laetum
285 1498 344 1555 est,
359 1490 464 1557 patriae
475 1489 582 1547 laetum
598 1489 760 1558 populoque
772 1487 892 1551 Quirini:

96 1558 162 1610 Sive
176 1557 285 1626 minax,
303 1558 373 1631 mihi
385 1559 438 1622 sit;
454 1558 592 1627 viridique
607 1576 623 1611 e
636 1559 746 1628 cespide
759 1557 851 1610 factas

94 1626 193 1678 Placat
205 1626 328 1680 odoratis
340 1628 472 1683 herbosas
483 1628 594 1697 ignibus
608 1644 681 1694 aras,

93 1697 224 1765 Vinaque
237 1695 285 1749 dat
295 1701 413 1765 pateris,
429 1703 670 1765 mactatarumque
681 1694 838 1761 bidentum,

95 1765 171 1830 Quid
182 1765 234 1817 sibi
246 1765 417 1836 significent,
436 1765 606 1887 treqidantia
620 1764 740 1819 consulit
752 1773 825 1816 exta.

95 1839 175 1898 Quae
188 1834 271 1892 simul
284 1835 401 1903 inspexit
412 1837 484 1903 Tyrr
504 1851 572 1887 anae
588 1834 678 1905 gentis
690 1833 838 1903 haruspex,

93 1902 324 1977 Magnaquidem
337 1921 432 1957 rerum
443 1904 590 1957 molimina
602 1903 672 1956 vidit
682 1904 712 1954 in
722 1902 787 1968 illis,
848 1939 850 1943 v
923 1948 940 1971 ,Ι

93 1975 158 2026 Non
172 1972 322 2024 manifesta
336 1981 440 2026 tamen.
454 2004 456 2009 ·
476 1975 545 2025 Cum
556 1990 623 2025 vero
639 1972 750 2026 sustulit
762 1986 829 2024 acre
862 2003 866 2010 ι
903 2010 906 2024 .

61 2036 64 2045 ’
93 2047 117 2094 Α
129 2042 246 2112 pecudis
258 2041 337 2101 fibris
352 2041 387 2094 od
401 2042 460 2111 Cipi
474 2042 700 2097 cornualumen:
882 2062 884 2065 ’

92 2113 168 2176 Rex,
187 2112 241 2178 ait,
259 2111 377 2165 osalve:
394 2111 448 2164 tibi
460 2113 551 2177 enim,
569 2111 638 2178 tibi,
656 2111 736 2181 Cipe,
753 2110 864 2180 tuisque

92 2183 145 2234 Hic
160 2180 255 2248 locus,
272 2191 299 2232 et
313 2181 408 2235 Latiae
422 2182 563 2251 parebunt
578 2180 710 2234 cornibus
722 2196 808 2235 arces.

92 2252 136 2303 Tu
150 2250 236 2302 modo
249 2267 350 2319 rumpe
363 2268 488 2318 moram,
506 2260 656 2320 portasque
667 2249 772 2302 intrare
785 2255 914 2318 patentes

90 2325 270 2389 Appropera:
286 2321 328 2373 sic
342 2320 401 2373 fata
416 2320 522 2375 iubent.
556 2324 685 2390 Namque
697 2321 772 2372 Urbe
783 2325 913 2388 receptas

91 2391 150 2442 llex
165 2391 218 2441 eris
226 2428 234 2453 ,
242 2400 280 2453 ;et
293 2399 404 2459 sceptro
415 2400 491 2443 tutus
503 2390 612 2460 potiere
625 2388 749 2458 perenni.

90 2458 198 2511 Retulit
208 2459 256 2512 ille
270 2459 386 2527 pedem,
404 2469 569 2528 torvamque
581 2477 598 2510 a
611 2458 758 2511 moenibus
774 2456 855 2509 Urbis
931 2486 933 2489 ·

89 2533 225 2580 Avertens
238 2528 356 2596 faciem,
371 2528 483 2589 Procul,
498 2529 546 2583 ah!
564 2527 665 2598 procul
678 2526 789 2594 omina,
808 2523 886 2592 dixit,

88 2598 170 2718 {alia
182 2598 211 2648 dl
223 2592 344 2665 pellant,
368 2598 513 2667 multoque
523 2614 576 2667 ego
584 2597 685 2649 ‘iustius
700 2612 802 2649 aevum

111 2667 172 2718 xsul
187 2684 284 2736 agam,
302 2684 387 2736 quam
401 2682 447 2719 me
462 2666 576 2719 videant
591 2665 724 2734 Capitolia
737 2681 843 2736 regem.

88 2737 176 2788 Dixit:
185 2744 224 2789 ,et
236 2732 378 2804 extemplo
391 2735 582 2804 populumque
595 2751 766 2805 grammque
780 2738 914 2787 Senatum

90 2807 244 2858 Convocat:
263 2814 330 2857 ante
343 2815 439 2857 tamen
450 2805 541 2873 pacali
556 2816 663 2857 cornua
673 2803 753 2857 lauro

88 2875 186 2941 Velat,
205 2883 234 2925 et
244 2875 392 2945 aggeribus
403 2874 485 2929 factis
501 2893 518 2926 a
531 2873 620 2927 milite
633 2874 702 2926 forti
720 2906 721 2911 =

86 2945 204 3011 Insistit,
220 2944 370 3013 priscoque
384 2943 450 2996 deos
465 2961 479 2996 e
493 2961 574 2997 more
587 2952 727 3013 precatus,

87 3015 151 3081 Est,
170 3014 224 3080 ait,
241 3013 288 3067 hic
300 3031 387 3079 unus,
405 3021 490 3083 quem
500 3030 549 3067 vos
560 3013 591 3067 ni
602 3012 705 3082 pellitis
718 3013 796 3080 urbe,

87 3083 146 3135 Rex
162 3082 239 3139 erit.⁸
260 3087 285 3136 ls
299 3084 347 3154 qui
360 3085 410 3149 sit,
429 3084 524 3154 signo,
546 3102 604 3137 non
614 3084 727 3137 nomine
741 3084 844 3137 dicam.

88 3153 198 3204 Cornua
208 3151 303 3209 fronte
317 3154 402 3223 gerit,
421 3171 506 3222 quem
519 3153 597 3206 vobis
607 3153 714 3205 indicat
728 3169 827 3225 augur,

88 3222 115 3272 si
130 3224 249 3273 Romam
261 3222 389 3290 intrarit,
405 3222 555 3275 famularia
568 3224 630 3275 iura
640 3223 780 3276 daturum.

87 3289 137 3349 Ille
151 3290 266 3360 quidem
280 3292 373 3358 potuit
386 3301 482 3361 portas
495 3292 651 3360 irrumpere
664 3301 793 3359 apertas3

87 3358 141 3412 Sed
152 3378 203 3413 nos
216 3359 528 3433 obstitimus„qnamvis
545 3360 723 3420 coniunctior
737 3359 789 3479 ille
819 3424 852 3480 2,
904 3416 909 3427 ,

786 3443 803 3479 a
