2350 3834
140 215 203 280 174
245 285 253 294 ι
405 214 437 270 e.
460 210 826 267 ov1u11uasou1s

207 361 325 415 Auribus
338 359 368 411 in
382 357 500 430 geminis
514 358 623 411 circum
640 375 709 410 cava
719 366 849 426 tempora
860 357 978 421 baccae.

207 437 289 500 Isque
310 439 387 480 metu
398 445 509 491 vacuus,
526 428 702 497 naturalique
715 444 820 495 pavore

151 559 156 569 ,
202 499 350 568 Deposito,
369 497 511 548 celebrare
524 497 630 561 domos,
648 496 853 566 mulcendaque
865 497 942 552 colla

208 568 369 632 Quamlibet
381 567 482 635 ignotis
496 566 622 618 manibus
637 567 770 635 praebere
785 566 906 619 solebat:

142 640 193 694 120
210 639 264 689 Sed
276 646 370 694 tamen
387 645 450 686 ante
464 635 541 697 alios,
560 638 630 687 Ceae
648 635 817 704 pulcerrime
834 636 933 705 gentis,
1014 694 1015 702 ἵ

210 710 309 759 Gratus
325 713 393 769 erat,
412 707 562 773 cyparisse,
579 705 642 759 tihi.
676 708 718 755 Tu
731 704 834 773 pabula
848 722 963 758 cervum

170 787 174 798 “
210 777 252 828 Ad
265 792 345 838 nova,
358 784 390 826 tu
403 774 502 842 liquidi
517 775 638 826 ducebas
649 774 735 826 fontis
750 774 786 825 ad
799 774 918 827 undams

209 848 253 897 Tu
267 844 351 896 modo
366 845 476 894 texebas
488 844 579 895 varios
598 861 650 912 per
661 860 768 895 cornua
784 844 884 898 flores:

210 918 300 977 Nunc,
318 930 401 982 eques
416 913 445 963 in
459 923 540 983 tergo
556 913 695 977 residens,
705 913 761 964 huc
770 913 849 964 ¹latua
862 921 891 965 et
907 911 980 965 illue

144 986 195 1041 125
213 984 309 1036 Mollia
325 983 471 1049 purpureis
485 982 616 1034 frenabas
629 999 678 1033 ora
690 982 824 1049 capistria.

213 1060 305 1105 Aestus
321 1061 389 1116 erat,
407 1052 568 1121 mediusque
583 1052 653 1104 dies:
686 1051 812 1120 Solisque
824 1065 930 1120 vapore

214 1125 340 1183 Concava
355 1121 461 1171 littorei
476 1122 626 1172 fervebant
634 1120 750 1173 brachia
767 1120 875 1173 Cancri.

133 1190 135 1194 ’
210 1195 306 1244 Fessus
319 1191 347 1241 in
362 1191 482 1241 herbosa
497 1190 588 1259 posuit
601 1205 650 1241 sua
664 1203 785 1257 corpora
798 1198 877 1241 terra
963 1215 967 1226 ⁴

212 1263 331 1329 Cervus,
341 1268 369 1311 et
384 1260 501 1310 arborea
513 1259 634 1310 ducebat
648 1259 735 1328 frigus
747 1259 782 1310 ab
795 1259 920 1327 umbra..⁴
971 1320 973 1328 y

142 1321 194 1386 130
211 1333 290 1381 Hunc
301 1344 371 1397 puer
390 1328 551 1395 imprudens
564 1328 656 1379 iaculo
674 1329 830 1397 Cyparissus
844 1335 935 1378 acuto

210 1398 294 1451 Fixit:
319 1404 355 1460 et,
373 1407 405 1446 ut
418 1413 500 1448 saevo
515 1398 683 1449 morientem
696 1397 811 1448 vulnere
822 1395 900 1462 vidit,

117 1487 118 1490 ¹
212 1467 290 1518 Velle
303 1466 378 1516 mori
388 1467 498 1524 statuit„
529 1470 605 1528 Quae
619 1484 676 1517 non
686 1466 784 1518 solatia
798 1465 925 1518 Phoebus

170 1531 174 1538 ’
211 1535 305 1587 Dixit?
332 1544 360 1586 et
375 1544 406 1584 ut
419 1532 526 1599 leviter,
549 1552 602 1602 pro
614 1536 788 1604 materiaque
800 1534 919 1594 doleret,

211 1604 370 1657 Admonuit.
407 1605 501 1655 Gemit
514 1603 562 1655 ille
572 1615 683 1657 tamen:
713 1621 871 1674 munusque
888 1612 1046 1671 supremum

143 1674 193 1731 135
211 1678 270 1727 Hoc
282 1673 354 1743 petit
364 1691 381 1724 a
393 1674 512 1742 Superis,
530 1682 562 1724 ut
572 1683 700 1743 tempore
715 1672 811 1745 lugeat
823 1672 909 1726 omni.

121 1760 123 1764 ’
212 1748 340 1812 Iamque,
357 1760 410 1811 per
420 1744 570 1794 immensos
584 1752 678 1814 egesto
695 1744 829 1813 sanguine
845 1742 941 1806 iletu's,

212 1818 244 1865 In
258 1812 376 1866 viridem
394 1814 468 1863 verti
481 1807 635 1880 coeperunt
648 1803 776 1864 membra
795 1811 935 1874 colorem

211 1885 246 1933 Et
258 1882 352 1946 modo,
371 1881 418 1949 qui
432 1882 512 1933 nivea
525 1882 684 1949 pendebant
696 1882 790 1933 fronte
804 1880 907 1949 capilli,

210 1951 331 2002 Horrida
347 1951 482 2003 caesaries
498 1951 574 2003 fieri:
600 1959 747 2019 sumtoque
765 1951 859 2021 rigore

145 2017 197 2075 140
214 2020 358 2076 sidereum
373 2020 473 2090 gracili
486 2029 613 2088 spectare
629 2017 775 2071 cacumine
787 2019 906 2072 coelum.

213 2090 359 2160 Ingemuit,
376 2089 518 2158 tristisque
542 2089 619 2154 deus,
644 2089 790 2157 Lugebere
803 2090 893 2154 nobis,
927 2112 933 2126 ·

211 2159 386 2227 Lugebisque
401 2158 479 2221 alios,
497 2158 643 2227 aderisque
657 2155 828 2222 dolentibus,
844 2158 945 2227 inquit.

248 2228 315 2279 Tale
329 2243 426 2277 nemus
439 2236 516 2278 vates
532 2236 698 2278 attraxerat:
716 2228 801 2296 inque
819 2227 946 2281 ferarum

219 2295 343 2349 Concilio
356 2296 472 2359 medius,
489 2296 574 2347 turba
585 2296 788 2365 volucrumque
795 2296 919 2354 sedebat.

146 2362 195 2424 145
214 2371 251 2417 Ut
265 2366 330 2417 satis
342 2364 473 2433 impulsas
485 2365 604 2416 tentavit
616 2365 719 2433 pollice
734 2365 863 2432 chordas,

212 2440 247 2488 Et
259 2436 344 2487 sensit
355 2436 456 2498 varios,
480 2434 607 2502 quamvis
626 2434 733 2486 diversa
746 2444 885 2500 sonarent,

215 2504 390 2570 concordare
402 2503 517 2565 modos3
534 2504 590 2556 hoo
603 2520 703 2555 vocem
716 2505 841 2556 carmine
855 2503 949 2573 rupit:

213 2576 255 2627 Ab
270 2580 343 2639 Iove,
361 2577 438 2625 Musa
450 2590 559 2642 parens,
592 2572 696 2625 cedunt
709 2574 779 2624 Iovis
794 2574 889 2626 omnia
900 2591 998 2645 reg-nu,

215 2644 344 2695 Carmina
356 2653 451 2696 nostra
465 2660 555 2696 move.
577 2642 661 2693 Iovis
671 2652 713 2694 est
727 2643 795 2694 milii
809 2660 892 2711 saepe
909 2653 1030 2711 potestas

146 2710 197 2766 150
214 2713 294 2765 Dicta
304 2714 390 2781 prius.
426 2712 517 2766 Cecim'
535 2711 643 2781 plectro
655 2713 782 2782 graviore
795 2708 935 2782 Gigantas,

214 2786 368 2851 Sparsaque
380 2782 537 2851 Phlegraeis
549 2780 676 2833 victricia
689 2781 810 2833 fulmina
822 2782 937 2849 campis.

214 2854 295 2903 Nunc
310 2868 378 2919 opus
391 2859 434 2902 est
447 2852 551 2903 leviore
564 2850 638 2918 l‘yra:
663 2867 818 2919 puerosque
831 2868 963 2904 sanamus

212 2920 334 2972 Dilectus
347 2920 466 2987 Superis,
491 2920 716 2989 inconcessisque
734 2919 841 2988 puellas

215 2990 327 3058 Ignibus
341 2988 470 3039 attonitas
481 2989 741 3041 meruisselibidine
755 3006 885 3057 poenam.
945 3011 964 3032 -·

146 3057 197 3112 155
215 3060 272 3109 Rex
281 3063 417 3136 Superum
431 3057 543 3127 Phrygii
559 3058 700 3136 quondam
714 3059 883 3126 Ganymedis
897 3073 993 3112 amore

216 3127 301 3178 Arsit:
321 3134 350 3177 et
360 3125 504 3177 inventum
519 3135 560 3177 est
572 3127 687 3195 aliquid,
704 3126 779 3196 quod
793 3129 900 3197 Iupiter
918 3137 985 3194 esse,

215 3198 305 3256 Quam
317 3194 392 3263 quod
407 3203 474 3258 erat,
491 3195 596 3248 mallet.
620 3196 708 3248 Nulla
720 3205 815 3248 tamen
828 3198 896 3250 alite
906 3197 979 3251 verti

213 3263 358 3331 Dignatur,
377 3263 429 3314 nisi
445 3280 516 3331 quae
529 3264 617 3332 possit
628 3281 676 3315 sua
689 3265 811 3318 fulmina
826 3266 911 3319 ferre.

211 3332 269 3384 Nec
279 3349 376 3400 mora:
393 3327 525 3401 percusso
539 3333 723 3388 mendacibus
737 3338 802 3402 atre
819 3336 918 3405 pennis
