2350 3834
123 207 185 270 144·
389 205 421 259 P.
444 204 597 259 OVIDII
618 201 812 257 Niconis

190 354 310 432 Corpore
321 349 452 402 turbineo
464 347 597 402 iuvenilia
609 347 717 400 vortice
731 347 836 400 mersit.

189 423 288 472 Tutmr
300 427 343 471 est
355 420 480 489 requies,
497 418 579 474 sclito
594 416 662 469 dum
674 418 925 470 fluminacurrant

190 489 307 554 Limite,
325 487 393 540 dum
407 486 504 540 tenues
519 487 610 555 cupiet
621 502 690 538 eum
704 487 798 537 alveus
809 486 906 540 undae.
999 505 1004 508 ·

190 558 294 610 Annuit
309 558 441 628 Aegides,
460 555 753 625 Uterque‚.Aclielod,
773 556 922 626 domoque,

122 629 175 684 560
192 626 367 696 Consilioque
379 634 444 692 tuo,
462 625 622 695 respondit:
640 634 668 677 et
680 642 746 682 usus
758 634 880 694 utroque
892 632 944 678 αἰ.

191 695 305 749 Pumice
317 695 484 760 multicavo,
502 712 555 746 nec
566 694 675 746 leuibus
688 695 760 747 etrie
776 694 868 764 tophis

192 769 305 817 Structe
319 765 407 818 subit:
424 764 506 816 molli
516 764 601 815 tellus
618 772 678 816 eret
687 764 803 825 humide
816 777 925 816 musco.

193 838 308 885 Summa
317 834 487 886 lacunabant
499 834 609 885 alterno
619 833 730 885 murice
742 833 877 886 conchae.
941 881 949 888 ,

158 913 161 918 “
193 908 308 972 lamque
322 903 390 955 dues
406 903 476 955 lucis
487 910 581 970 partes
599 903 756 970 Hyperione
767 918 873 972 menso,

125 972 176 1027 565
193 973 364 1025 Discubuere
375 972 443 1024 toris
455 972 577 1023 Theseus
592 971 763 1041 comitesque
775 972 923 1024 laborum:

194 1046 253 1094 llec
265 1040 415 1112 Ixionides,
432 1040 482 1092 ille
495 1040 663 1092 Troereniue
675 1041 757 1091 heros
908 1081 916 1098 Ι

65 1159 68 1166 ,
132 1153 134 1162 .
194 1110 383 1176 Paneheou,
400 1110 471 1163 reris
483 1109 540 1161 iem
549 1126 661 1178 sparsus
673 1118 803 1179 tempore
814 1108 906 1164 ceniss

195 1177 326 1249 Quosque
338 1179 407 1231 elios
420 1178 504 1247 parili
517 1179 612 1231 fueret
622 1179 750 1249 diguatus
759 1179 866 1232 honore

55 1297 56 1300 ,
194 1250 291 1301 Amnis
303 1255 495 1313 Acarnanum,
513 1248 680 1300 laetissimus
693 1247 801 1315 hospite
814 1255 904 1299 tento.

127 1318 180 1374 570
195 1319 322 1372 Protinus
334 1317 473 1385 appositas
483 1316 575 1368 nudae
587 1318 703 1396 vestigia
714 1317 860 1385 Nymphae

197 1392 354 1439 Instruxere
368 1385 455 1454 epulis
466 1402 587 1437 mensas:
605 1385 779 1455 depihusque
789 1383 903 1438 rornotis

197 1461 229 1509 ln
242 1473 354 1527 gemme
367 1470 485 1523 posuere
495 1455 615 1508 merum.
650 1457 722 1508 Tum
735 1454 870 1508 maximus
884 1453 984 1516 heros,

197 1531 326 1594 Aequore
337 1524 509 1593 prospiciens
521 1523 611 1576 oculis
627 1524 767 1587 subiecta,
786 1523 867 1587 Quis,
884 1520 985 1590 inquit,

198 1595 247 1647 Ille
259 1593 358 1646 locus?
376 1592 404 1657 di
426 1592 463 1644 ‘to
485 1609 520 1645 ue
533 1592 669 1658 ostendit,
689 1602 734 1658 et,
751 1593 844 1645 Insula
856 1607 962 1643 consen
995 1593 1000 1602 “

130 1664 181 1721 575
199 1664 281 1727 Quod
293 1671 372 1734 geret
385 1661 407 1713 il
419 1679 450 1729 a,
466 1610 553 1714 ιὲοοετ
572 1679 742 1743 quamquem
754 1677 812 1718 nou
823 1677 880 1718 une
895 1659 1017 1715 videtur.

199 1733 294 1785 Amnis
306 1733 341 1783 ed
354 1732 434 1797 haec,
451 1733 515 1783 Non
528 1740 579 1798 est,
594 1732 693 1812 inqiut,
709 1732 787 1801 quod
798 1732 948 1794 cernimus,
961 1745 1067 1784 unum.

198 1803 326 1871 Quinque
340 1802 433 1854 iacent
445 1809 552 1853 terrae:
570 1810 690 1869 spetmm
702 1801 861 1854 discrimine
873 1798 956 1851 fallit.

137 1892 140 1900 ·
198 1876 316 1940 Quoque
329 1871 420 1922 minus
433 1879 542 1939 spretae
557 1870 667 1922 iactum
680 1871 783 1922 mirere
793 1870 910 1933 Dienee5

199 1940 303 1995 Naides
316 1940 368 1992 hae
381 1940 506 1991 fuerent=
526 1956 598 2009 qeee
611 1957 676 2006 cum
689 1940 732 1992 ln's
744 1940 866 2009 quinque
883 1938 1019 1990 iuuencos

132 2009 184 2065 580
199 2013 379 2075 Meetessent‚
395 2008 523 2088 rurisque
535 2009 602 2060 deos
613 2009 650 2060 ed
661 2026 740 2061 secra
755 2017 918 2072 vocassent3

198 2084 381 2132 Immemores
392 2086 481 2130 nostri
493 2077 577 2130 festas
592 2078 695 2131 duxere
709 2079 834 2130 choreas.
1029 2111 1033 2116 »

142 2167 144 2170 ·
200 2149 337 2217 Intumui,
356 2157 530 2217 quantusque
540 2147 635 2214 feror,
652 2165 718 2200 cum
732 2146 868 2215 plurimus
881 2160 1021 2213 unquam,

200 2220 304 2272 'sentus
317 2234 407 2269 eram:
425 2216 587 2285 pariterque
600 2217 702 2269 euimis
714 2216 860 2281 immonis,
878 2223 907 2267 et
918 2212 1000 2268 undis

201 2294 224 2340 A
237 2286 310 2339 silvis
321 2286 417 2350 silves,
436 2293 465 2336 et
477 2285 513 2337 ab
526 2286 599 2336 arvis
612 2303 679 2338 erre
694 2284 801 2346 revelli,

133 2355 185 2412 ⁵85
202 2360 325 2425 Cumque
335 2354 399 2406 loco
413 2354 571 2423 Nymphas,
588 2371 728 2408 memores
739 2363 805 2405 tum
813 2352 939 2421 deniqtse
952 2351 1057 2419 nostri,

201 2431 232 2481 In
245 2425 319 2476 freta
331 2423 466 2492 provolvi.
499 2424 612 2477 Fluctus
624 2432 776 2493 nosterque
789 2422 932 2491 marisque

202 2494 368 2548 Continuam
382 2492 488 2548 diduxit
501 2492 636 2561 humum,
653 2502 804 2562 partesque
814 2492 932 2543 resolvit
989 2529 991 2534 ,
1006 2498 1008 2501 ’
1084 2523 1087 2528 ι

202 2569 233 2617 In
247 2562 380 2627 totidem,
398 2560 499 2613 mediis
510 2572 579 2631 quot
592 2563 681 2615 cernis
695 2560 847 2615 Echirmdes
857 2559 948 2615 medis.

155 2665 159 2692 ¹·
237 2637 274 2684 Ut
283 2641 379 2684 temen
390 2631 449 2699 ipse
461 2629 552 2695 vides,
568 2631 684 2700 procul,
702 2634 751 2684 en!
769 2629 870 2699 procul
881 2628 1072 2684 mmrecessit

135 2698 187 2755 690
203 2701 296 2754 Insula
307 2710 386 2771 grata
397 2699 479 2752 mihi:
496 2700 653 2753 Perimelen
665 2700 759 2753 nauita
772 2699 850 2752 dicit.

147 2791 157 2800 ·
202 2771 273 2824 Huic
286 2787 338 2839 ego
350 2770 508 2839 virgineum
518 2769 637 2823 dilectae
649 2787 754 2823 nomeu
765 2768 867 2821 ademi.

204 2838 286 2903 Quod
298 2847 376 2906 peter
385 2837 572 2906 Hippodamas
584 2849 668 2909 aegre
681 2839 765 2905 tul-it,
777 2839 864 2907 inque
876 2834 1059 2906 protundum

202 2906 328 2976 Propulit
340 2924 355 2958 e
367 2907 482 2974 scopulo
496 2908 639 2977 pariturae
654 2925 776 2977 corpore
788 2917 878 2960 netes.

204 2976 318 3044 Excepi,
336 2983 505 3045 nantemque
517 2978 612 3029 ferens
617 3017 625 3045 ,
645 2978 801 3047 oprcrime
815 2976 895 3029 coelo

137 3043 187 3100 595
204 3050 300 3115 Regna
310 3061 413 3113 vagae,
432 3044 502 3113 dixi,
519 3048 632 3114 sortite,
649 3046 831 3114 Tridentiiet,
847 3044 950 3108 rendae,

205 3120 237 3168 ln
252 3129 307 3184 quo
320 3112 483 3181 desinimus,
502 3133 558 3185 quo
571 3117 645 3168 seori
655 3116 794 3170 uurrimus
806 3132 912 3183 amnes,

153 3238 160 3246 ,
208 3184 281 3251 [Huc
299 3182 379 3247 edes,
395 3192 482 3253 atque
500 3186 564 3237 audi
580 3185 723 3254 placidus,
741 3188 883 3253 Napaeae,
899 3185 1099 3257 precantem]

206 3251 278 3304 Huic
290 3268 357 3321 ego,
376 3269 461 3321 quem
477 3263 575 3321 porto,
592 3254 686 3307 nocui.
720 3255 847 3321 struitis,
866 3262 895 3306 et
904 3269 1023 3325 aequites,

207 3321 236 3374 oi
246 3329 326 3392 peter
334 3320 537 3391 Hippodamas,
554 3332 603 3375 eut
613 3324 739 3378 siminus
749 3324 852 3395 impius
863 3332 947 3389 esset3
