2350 3834
121 232 163 307 th
208 258 213 263 ·
296 233 316 288 2¹
356 230 820 301 'eovrarrri'ssours'

188 389 287 443 Omnia
298 397 400 460 pontus
413 374 508 444 erant:
523 374 642 443 deerant
654 375 766 461 quoque
777 391 873 443 littora
883 378 982 460 pomo.
994 396 997 401 '
1046 378 1073 425 ¹

188 463 312 529 Occupat
322 461 369 513 hic
384 461 504 514 collem:
522 461 622 528 cymba
634 462 711 512 sedet
725 461 796 513 alter
807 460 927 529 adunca,

136 586 141 591 ,
187 531 222 580 Et
234 529 312 581 ducit
323 544 415 582 remos
426 530 496 596 illic,
513 530 563 581 ubi
576 547 668 599 nuper
679 540 780 584 ararat.

117 599 170 659 295
187 598 238 650 Ille
252 600 337 668 supra
351 606 468 669 segetes,
486 607 535 650 ant
548 616 657 652 mersae
671 600 794 651 culmina
812 600 905 666 villae,

186 666 318 738 Navigat:
336 669 382 720 hic
396 684 505 720 summa
517 668 622 738 piscem
634 668 780 738 deprendit
794 670 824 721 in
835 669 924 725 ulmo.
1012 698 1014 700 v

185 736 293 806 Figitur
303 737 333 788 in
345 736 436 804 rindi,
453 738 545 789 sifors
555 737 630 803 tulit,
649 756 753 790 ancora
768 749 869 807 prato:
910 760 913 765 ·
933 750 935 753 ’

185 810 241 858 Aut
252 806 377 861 subiecta
389 815 485 859 terren
498 824 599 859 curvae
611 807 704 859 vineta
716 809 836 860 carinae.

185 877 228 942 Et,
244 875 329 928 modo
343 892 399 946 qua
413 876 532 946 graciles
544 892 661 947 grainan
674 894 804 945 carpsere
818 875 955 945 capellae,
967 902 978 919 ν
1048 886 1050 893 ‘

115 945 170 1003 800
186 947 265 997 Nimc
279 944 321 997 ibi
334 945 475 998 deformes
488 955 597 1015 ponunt
612 962 661 997 sua
676 963 796 1015 corpora
809 947 926 1014 phocae.

134 1012 136 1016 ’
185 1015 323 1067 Mirantur
334 1015 385 1067 suh
401 1030 473 1085 aqua
485 1016 572 1083 lucos,
591 1016 738 1085 urbesque,
758 1016 913 1095 domosque

184 1084 333 1138 Nereides:
348 1085 486 1155 silvasque
497 1094 596 1137 tenent
611 1085 655 1136 del
676 1085 762 1151 hines,
781 1094 810 1136 et
822 1084 884 1138 altis

120 1205 141 1217 „
183 1152 435 1220 incursantmmis,
453 1104 730 1224 agitataqnerobora
743 1154 863 1222 pulsant.
919 1159 921 1163 ’
1010 1174 1012 1181 ·

120 1236 124 1247 “
185 1220 334 1292 Notlupus
348 1223 512 1275 iuteroves:¹
531 1223 711 1275 fulvosvehit
725 1224 801 1276 unda
817 1224 928 1278 leones:
958 1280 960 1285 χ
991 1235 994 1239 ’
1038 1240 1041 1245 ’
1067 1242 1070 1249 ’

115 1289 168 1350 805
186 1291 266 1343 Unda
276 1291 352 1344 vehit
364 1293 386 1343 ti
423 1307 465 1344 es:
483 1309 537 1343 nec
551 1294 624 1343 vires
635 1292 760 1345 fulminis
777 1308 856 1362 apro,
1067 1296 1069 1303 “

186 1363 272 1412 Crura
285 1377 339 1412 nec
351 1361 386 1413 ab
399 1370 444 1413 ato
456 1369 574 1429 prosunt
586 1361 694 1413 velocia
706 1378 799 1416 cerac.

185 1429 376 1498 Quaesitisque
391 1430 439 1481 diu
450 1431 541 1496 terris,
559 1430 609 1481 uhi
622 1431 712 1482 sidere
728 1430 819 1498 detur,
853 1452 857 1457 ¹
930 1454 934 1465 ι

119 1548 123 1555 ,
184 1502 218 1551 In
229 1516 307 1550 mare
317 1498 424 1550 lassatis
434 1499 557 1551 volucris
568 1516 639 1570 vaga
655 1499 758 1551 decidit
771 1499 831 1555 alis.

120 1590 124 1597 ·
186 1568 323 1621 Obruerat
333 1568 457 1635 tumulos
472 1569 609 1620 immensa
618 1569 731 1620 licentia
742 1568 830 1637 ponti,

115 1635 168 1692 810
185 1637 388 1708 Pulsabantque
401 1637 468 1689 novi
477 1645 618 1691 vmontana
633 1638 782 1690 cacumina
792 1638 906 1690 fluctus.

186 1707 306 1760 Maxima
322 1722 387 1775 pars
399 1706 475 1758 unda
485 1708 607 1778 rapitur:
626 1708 726 1777 quibus
740 1706 815 1759 unda
827 1705 963 1776 pepercit,

185 1775 252 1830 illos
264 1774 351 1847 longa
371 1776 485 1827 domant
500 1777 578 1858 inopi
592 1776 793 1831 ieiuniarvictu.
931 1794 934 1800 ¹

220 1849 336 1915 Separat
349 1845 453 1897 Aonios
467 1849 575 1898 Actaeis
587 1845 686 1899 Phocis
699 1846 734 1897 ab
753 1845 834 1911 arvis,

143 1926 147 1941 ⁸
182 1915 271 1968 Terra
282 1915 370 1981 ferax,
385 1915 452 1966 dum
465 1924 541 1967 terra
552 1914 624 1979 fuit3
641 1916 690 1967 sed
701 1925 830 1984 tempore
842 1913 871 1966 in
883 1912 933 1966 illo

114 1980 167 2039 815
184 1985 250 2036 Pars
262 1985 356 2049 maris,
376 1993 403 2036 et
418 1984 491 2041 latus
506 1985 661 2037 subitarum
676 2002 789 2053 campus
804 1999 951 2052 aquarum.

123 2052 136 2101 f
183 2055 263 2105 Mons
277 2055 317 2106 ibi
329 2053 479 2109 verticibus
492 2057 563 2122 petit
576 2054 680 2105 arduus
692 2063 766 2105 astra
779 2052 895 2118 duobus,

183 2122 303 2175 Nomine
316 2125 460 2186 Parnasus,
476 2133 646 2193 superatque
657 2123 803 2175 cacumine
819 2122 915 2175 nubes.
953 2180 955 2183 ,

184 2192 236 2244 Hic
251 2192 300 2244 ubi
312 2192 474 2256 Deucalion,
492 2209 559 2243 nam
569 2201 683 2244 caetera
698 2201 805 2244 texerat
820 2202 934 2259 aequor,

185 2263 260 2312 Cum<
269 2271 398 2315 consorte
410 2260 466 2312 t'ori
478 2277 565 2330 parva
576 2271 639 2313 rate
654 2270 752 2313 vectus
764 2260 898 2322 adhaesit3

114 2326 168 2384 820
186 2324 335 2398 Corycidas
347 2330 497 2399 Nymphas,
515 2339 544 2382 et
560 2332 675 2382 numina
687 2330 789 2382 montis
805 2329 931 2394 adorant,

184 2399 393 2468 Fatidicamque
407 2399 534 2466 Themin,
555 2414 627 2469 qliae
643 2416 719 2452 nunc
733 2398 965 2450 oracla-tenebat.
1042 2456 1043 2461 ,

115 2512 116 2515 ,
183 2469 246 2520 Non
258 2467 307 2520 illo
324 2468 425 2519 melior
440 2469 596 2539 qnisquam,
616 2486 670 2521 nec
685 2468 827 2520 amantior
837 2466 922 2539 aequi

183 2536 234 2587 Vir
247 2537 311 2604 fuit,
330 2546 378 2588 aut
388 2537 437 2588 illa
451 2540 626 2590 metuentior
634 2538 693 2589 ulla
707 2538 832 2589 deorum.
1003 2544 1005 2549 ⁴

119 2624 122 2631 ¹
184 2605 289 2675 Iupiter
302 2615 335 2658 ut
348 2606 459 2676 liquidis
473 2615 601 2678 stagnare
615 2607 762 2677 paludibus
768 2606 885 2673 orbem,

113 2672 166 2728 325
182 2677 216 2726 Et
229 2692 372 2744 superesse
385 2675 461 2727 sidet
472 2676 508 2728 de
521 2685 565 2728 tot
575 2677 662 2729 niodo
674 2677 797 2728 millibus
810 2690 898 2728 unam
914 2691 917 2695 ’

183 2746 217 2796 Et
230 2761 372 2813 superesse
383 2744 460 2797 sidet
474 2745 508 2796 de
519 2754 563 2797 tot
575 2747 661 2798 modo
678 2745 800 2796 millibus
806 2760 903 2812 unum,

184 2815 323 2864 Innocuos
337 2814 433 2879 ambo,
448 2813 570 2866 cultores
581 2815 703 2866 numinis
714 2815 813 2878 amb03

183 2881 286 2934 Nubila
301 2882 423 2935 disiecit:
440 2882 598 2952 nimbisque
611 2883 747 2953 Aquilone
759 2881 885 2950 remotis,

183 2952 217 3002 Et
231 2951 311 3003 coelo
324 2955 413 3003 terras
426 2953 557 3017 ostendit,
576 2962 604 3004 et
618 2952 733 3004 aethera
744 2954 836 3005 terris.

113 3017 168 3076 330
185 3021 243 3071 Nec
257 3021 343 3072 maris
355 3020 397 3072 ira
411 3030 518 3084 manen
536 3023 689 3092 positoque
701 3021 853 3090 tricuspide
864 3019 923 3072 telo

183 3088 289 3140 Mulcet
303 3099 499 3159 aquasrector
508 3091 618 3162 pelagi:
635 3108 774 3160 supraque
786 3090 959 3159 profundum

183 3159 424 3228 Extautem‚atque
436 3161 569 3211 humeros
580 3162 677 3212 innato
692 3161 800 3211 murice
813 3168 932 3229 tectum,

182 3226 347 3279 coeruleum
359 3229 476 3281 Tritona
489 3238 571 3281 vocat
580 3230 760 3300 conchaeque
771 3229 868 3280 sonaci

183 3295 405 3365 Inspirareiuhet
418 3298 576 3368 fluctusque
593 3308 625 3351 et
636 3300 755 3351 flumina
769 3298 857 3367 signo,

114 3362 165 3420 385
185 3369 245 3418 Iam
261 3383 395 3421 revocare
404 3366 484 3423 datos
497 3370 570 3421 Cava
583 3369 704 3423 buccina
715 3365 890 3425 sumiturilli
964 3394 966 3397 ·
995 3389 998 3401 ¹
1040 3395 1044 3399 ·
