2350 3834
111 211 155 272 το
283 180 304 279 ᾗ.
378 170 815 265 aovmrrunsoms
873 232 876 237 ι

180 356 266 428 Regia
281 355 355 408 dives
370 352 471 419 babet,
491 354 540 424 qui
551 370 599 407 rne
613 372 680 408 cnm
693 353 814 426 coniuge
823 355 937 427 semper
1016 394 1019 399 Δ

180 425 308 495 sprevit?
327 433 355 477 et
369 424 483 494 exponit
495 442 592 477 causas
606 425 720 495 odiique
731 425 863 495 viaeque3

77 494 81 505 '
110 495 163 552 470
177 484 308 565 'Quidque
322 493 397 546 velit
433 494 517 556 Quod
528 494 630 562 vellet,
649 504 725 557 erat,
742 511 779 546 ne
794 496 872 566 regia
887 494 986 548 Cadmi

182 569 288 629 Staret3
307 572 336 616 et
345 563 375 614 ia
389 562 499 615 facinus
511 564 657 616 traherent
668 564 835 616 Athamanta
852 570 977 620 Sorores.

179 635 349 702 Imperium,
367 632 520 701 promissa,
536 650 635 702 preces
650 632 799 686 confundit
811 633 840 684 in
855 632 968 689 unum:'

180 703 373 779 Sollicitatque
386 701 460 759 deas,
486 702 532 754 Sic
546 703 617 755 haec
634 706 737 755 lunone
750 703 856 770 locuta,

179 772 328 842 Tisiphone
345 787 445 837 canos,
462 781 579 838 uteret,
599 772 713 825 turbata
726 773 841 841 capillos

28 908 31 918 Ι
110 841 162 899 475
180 842 283 906 Movit,
301 849 329 893 et
343 840 483 893 obstantes
497 842 597 894 reiecit
608 841 646 893 ,ab
659 857 709 893 ore
723 842 863 895 colubras.

179 915 270 980 Atque
282 911 335 976 ita,
354 911 417 962 Non
426 909 519 981 longis
535 926 606 981 opus
620 919 663 963 est
673 911 851 981 ambagibus,
869 909 946 963 iniit:

178 982 264 1032 Facta
275 989 360 1049 puta,
379 996 562 1049 quaecunque
576 981 673 1042 iubes3
691 979 843 1033 inamabile
856 995 979 1051 regnum

141 1092 144 1095 ,
179 1051 298 1116 Desere,
316 1058 400 1170 Ἕω
414 1049 491 1102 refer
505 1049 579 1102 coeli
588 1049 717 1121 ,melioris
729 1050 766 1102 ad
780 1066 870 1102 auras.

213 1121 326 1171 Laeter
362 1118 386 1169 it
400 1122 489 1171 limos
503 1136 590 1187 quem
603 1118 715 1171 coelum
724 1118 830 1171 intrare
842 1127 993 1189 parantem

110 1187 163 1243 480
179 1188 288 1259 horatia
302 1187 430 1239 lustravit
442 1187 522 1257 aqttia
534 1188 735 1239 Thaumantias
747 1188 808 1240 Iria.

177 1261 238 1321 Nec
249 1273 344 1319 mom
361 1256 510 1325 Tisiphone
524 1257 715 1309 madefactam
727 1257 862 1329 sanguine
872 1256 961 1310 sumit

178 1331 344 1395 importuna
358 1326 468 1391 facem,
479 1325 631 1395 ¹fluidoque
644 1342 745 1379 cruore
757 1327 907 1379 rubentem

179 1396 307 1448 induitur
317 1395 439 1465 pallam,
456 1403 588 1464 tortoque
601 1396 755 1465 incingitur
768 1413 874 1467 angue:

178 1466 383 1536 Egrediturque
396 1465 489 1517 domo.
512 1467 616 1517 Luctus
631 1466 804 1517 comitantur
817 1474 941 1532 euntem,

109 1530 160 1589 485
178 1538 212 1587 Et
224 1537 326 1599 Pavor,
345 1542 373 1585 et
390 1537 507 1600 Terror,
523 1535 691 1603 trepidoque
704 1534 813 1586 Insania
827 1534 918 1588 vultu.

179 1605 289 1658 Limine
302 1601 478 1655 constiterat:
497 1612 592 1673 postas
604 1604 752 1656 tremuisse
765 1603 897 1656 feruntur

178 1673 285 1726 Aeolii:
303 1671 451 1741 pallorque
463 1672 540 1725 iores
550 1672 651 1726 infecit
664 1689 794 1725 acernae:

178 1742 281 1812 Solque
295 1741 392 1797 locum
406 1741 488 1812 fugit.
512 1742 645 1803 Monstris
659 1745 791 1797 exterrita
803 1741 914 1809 coniux,

177 1813 303 1867 Territus
317 1819 359 1862 est
376 1811 524 1863 Athamas:
541 1820 674 1880 tectoque
689 1812 764 1864 exire
777 1812 924 1881 parabant.
1008 1842 1012 1851 ι

109 1879 162 1937 490
179 1881 290 1933 Obstitit
305 1879 418 1943 infelix,
435 1880 600 1950 aditumque
614 1881 739 1948 obsedit,
756 1882 897 1951 Errinnys,

177 1953 309 2019 Nexaque
321 1950 439 2019 vipereis
452 1950 610 2002 distendens
620 1951 737 2003 brachia
749 1951 841 2016 nodis,

180 2018 336 2071 Caesoniam
350 2020 476 2079 excussit.
500 2022 594 2072 Motae
606 2036 726 2072 sonuere
738 2020 888 2073 colubrae:

178 2092 298 2158 Parsque
309 2082 405 2141 iacens
420 2089 643 2157 hismeriapars
652 2089 765 2142 cirmrm
778 2098 907 2158 tempora
921 2089 1028 2158 lapsae,

178 2159 263 2210 sibila
277 2158 356 2223 dant,
375 2158 538 2227 saniemque
550 2167 683 2223 vomunt,
701 2159 869 2229 linguasque
878 2169 1048 2216 ‘comment

110 2225 161 2283 495
178 2228 245 2279 Inde
262 2227 330 2279 duos
341 2226 440 2278 mediis
455 2228 600 2296 abrumpit
612 2228 737 2280 cruribus
752 2245 870 2296 anguem

179 2296 368 2365 Pestiferaque
382 2312 469 2347 manu
478 2306 574 2364 raptos
585 2298 709 2350 immisit.
722 2302 768 2350 *At
780 2297 823 2349 illi

178 2371 316 2435 Inoosque
329 2365 419 2428 sinus,
438 2366 694 2436 Athamanteosque
707 2374 863 2435 pererrant,
977 2416 980 2425 ,

179 2436 373 2504 Inspirantque
385 2448 483 2505 gravet
496 2438 619 2500 enimas3
636 2453 689 2488 nec
702 2437 819 2489 vulnera
832 2435 970 2487 memhris

179 2505 243 2556 Ulla
258 2505 369 2556 ferunt:
387 2520 466 2559 mana
482 2514 540 2569 est,
560 2523 633 2574 quae
647 2506 723 2557 diros
737 2506 841 2558 sentiat
852 2505 934 2557 iotus.

110 2576 161 2630 500
177 2574 316 2626 Attulerat
329 2590 426 2625 secum
438 2574 538 2643 liquidi
549 2592 663 2643 quoque
675 2585 801 2627 monstra
814 2572 925 2641 veneni,
937 2592 940 2603 ·

179 2643 239 2694 Oris
254 2644 384 2695 Cerberei
396 2660 525 2712 spumas,
544 2653 574 2695 et
589 2645 665 2695 virus
678 2644 830 2710 Echidnae,

178 2715 348 2781 Erroresque
362 2728 463 2782 vagos,
480 2729 581 2765 caecae
623 2714 755 2765 eoblivia
766 2712 878 2776 mantis,

178 2784 213 2833 Et
227 2782 330 2844 seelua,
349 2791 376 2833 et
388 2781 533 2843 lacrimas,
552 2732 734 2852 rabiemque,
754 2793 782 2835 et
793 2782 888 2835 caedis
900 2797 1045 2847 amorem

181 2852 281 2903 Omnia
295 2850 362 2901 trita
374 2850 473 2903 simul:
491 2869 564 2921 quae
579 2854 716 2923 sangiune
732 2853 814 2905 misto
829 2852 937 2905 recenti
976 2886 977 2891 =

110 2920 161 2975 605
180 2922 298 2972 Coxerat
311 2936 375 2972 aere
389 2937 475 2984 cato,
492 2920 575 2973 viridi
588 2931 697 2973 versata
713 2923 825 2975 cicuta.¹

178 2991 307 3060 Dumque
320 2999 422 3059 pavent
434 2990 489 3055 illi3
507 2991 592 3042 vertit
607 2992 709 3044 furiale
723 3006 862 3044 venenum

177 3060 276 3112 Pectus
289 3060 319 3110 in
331 3060 496 3124 amborum,
517 3061 740 3130 praecordiaque
755 3060 855 3113 intima
868 3058 967 3115 movit.

178 3130 250 3180 Tum
263 3129 327 3180 fece
340 3128 442 3180 iactata
457 3146 509 3197 per
522 3130 644 3182 eundem
655 3134 764 3199 saepius
778 3130 886 3196 orbam,

179 3198 363 3267 Consequitur
375 3206 467 3249 motos
478 3198 617 3251 velociter
630 3199 636 3210 ‘
677 3201 738 3251 ibus
749 3200 838 3270 ignes.

110 3266 162 3322 510
179 3266 224 3319 Sic
237 3267 351 3329 victrix,
367 3267 490 3336 iussique
505 3277 599 3336 poter,
617 3218 870 3350 alininaniamagni

178 3338 276 3407 Regna
287 3334 361 3390 redit
373 3335 455 3395 Ditis:
472 3346 653 3410 tamtumque
666 3340 822 3411 recingitur
834 3350 966 3409 anguem.
1007 3376 1010 3381 -
