2350 3834
158 202 226 289 att
425 228 457 282 e.
481 192 848 284 ovrnnuas‘oms

154 376 207 431 820
222 371 341 425 Arborei
353 369 461 424 ioetrese
476 371 567 425 cnuti·
580 371 633 425 tibi
644 372 747 425 serviet
760 372 853 427 arbos.

222 445 466 510 Hocpecuscmne
473 457 570 494 meum
578 451 632 494 est:
643 441 750 494 multae
758 459 871 512 quoque
878 443 996 498 vallibus
1004 451 1099 511 errant;

172 566 174 571 ,
222 511 323 565 Multas
334 510 403 563 silva
414 511 501 581 tegit:
513 510 620 563 multae
627 511 803 563 stabulantur
809 511 838 563 in
847 514 943 566 antris.

223 582 293 646 Nec,
304 580 327 630 si
339 578 416 632 forte
429 596 519 650 roges,
531 581 636 649 possim
647 581 698 633 tibi
710 581 813 646 dicere,
865 591 895 633 ot
907 582 974 638 sint.

199 692 203 699 .
219 648 353 719 Pauperis
365 657 408 701 est
422 666 572 702 numerare
586 666 681 719 pecus.
699 653 739 701 De
749 649 827 701 laudi
849 667 881 702 us
893 650 997 707 harum

154 722 206 781 825
223 718 270 771 Nil
283 716 353 770 mihi
363 717 527 771 credideris:
544 736 675 789 praesens
690 727 769 788 potes
781 719 841 788 ipsa
854 720 959 789 ridere,

224 791 262 840 Ut
274 787 319 839 vix
331 788 486 841 sustineant
500 787 652 841 distentum
667 788 794 840 cruribus
807 788 887 842 uber.

223 859 304 922 Sunt,
319 855 433 910 foetura
443 857 545 924 minor,
557 857 659 928 tepidis
672 857 702 908 in
715 857 832 911 ovilibus
843 857 926 929 egnit

222 930 295 979 Sunt
304 940 429 998 quoque,
438 944 490 996 par
506 935 590 990 aetas,
603 927 663 978 aliis
676 926 705 978 in
717 926 835 979 ovilibus
848 927 941 980 hoedi.

195 1004 200 1047 j
222 997 279 1049 Lac
291 995 360 1049 mihi
372 1013 483 1065 semper
492 996 570 1048 adest
581 997 704 1049 niveum.
713 998 786 1048 ‘Pars
797 996 863 1048 inde
874 995 999 1052 bibenda

154 1065 208 1122 880
224 1069 370 1118 Servatur:
383 1074 494 1134 partem
506 1064 666 1146 liquefacta
674 1064 793 1136 coagula
807 1063 918 1119 durant.

222 1137 282 1188 Nec
294 1134 349 1185 tibi
361 1133 477 1187 deliciae
488 1134 596 1201 faclles,
607 1134 655 1186 rul
675 1142 777 1205 ataque
790 1143 905 1187 tautum

222 1205 340 1255 Munera
351 1204 525 1274 contingent,
541 1203 649 1263 danae,
656 1152 837 1273 leporesque,
853 1219 1021 1275 capraeque,

223 1275 311 1326 Parve
324 1272 529 1337 columbarum,
544 1272 689 1325 demtusvc
700 1274 846 1325 cacumine
857 1273 955 1340 nidum

193 1382 197 1389 .
222 1341 319 1394 Inveni
330 1341 466 1411 geminos,
480 1342 528 1410 qui
537 1351 633 1397 tecum
647 1341 745 1394 ludere
758 1342 884 1410 possint

154 1411 205 1467 835
222 1415 299 1464 Inter
312 1426 341 1461 se
355 1409 467 1475 similes,
480 1409 525 1461 rix
536 1419 570 1462 ut
581 1411 746 1491 dignoscere
758 1411 855 1478 possis,

221 1478 344 1535 villosae
357 1478 463 1531 catulos
473 1478 503 1532 in
517 1495 632 1531 summas
645 1480 788 1532 montibus
799 1496 897 1544 ursae3

221 1548 328 1616 Inveni,
344 1556 373 1600 et
384 1547 524 1613 dominae,
541 1549 606 1614 diri,
619 1549 790 1602 servabimus
804 1549 883 1605 istoc

219 1622 281 1677 lam
293 1617 379 1670 modo
391 1617 522 1681 caeruleo
534 1618 655 1670 nitidum
669 1627 752 1688 ceput
764 1635 860 1672 exsere
871 1625 975 1686 ponto:

194 1728 197 1735 ⁴
222 1688 293 1753 lam,
308 1686 433 1755 Galatea,
446 1688 523 1740 veni:
538 1705 592 1740 nec
606 1701 725 1740 munera
737 1688 847 1757 despice
861 1695 968 1742 nostra.

154 1747 206 1814 840
225 1758 305 1809 Certe
317 1773 369 1828 ego
382 1774 428 1809 me
442 1757 516 1824 nori,
529 1756 652 1828 liquidae
692 1757 751 1810 ein
767 1758 889 1828 imagine
903 1755 964 1809 vidi

222 1829 320 1896 Nuper
329 1842 434 1897 aquae3
450 1826 611 1897 placuitque
624 1828 662 1879 m'
686 1828 768 1879 'mea
782 1827 877 1879 forma
888 1825 1004 1878 videnti

221 1895 348 1963 Adspice,
361 1895 413 1947 sim
501 1904 555 1949 tus.
573 1898 636 1949 Nou
651 1904 692 1948 est
705 1896 762 1948 hoc
774 1910 893 1965 corpore
905 1895 1000 1948 maior

222 1964 328 2033 Iupiter
339 1964 368 2016 in
382 1981 433 2017 coe
446 1982 478 2017 οι
494 1981 560 2017 nam
575 1956 754 2017 sos'narrare
765 1965 860 2018 soletis

222 2033 323 2086 blescio
339 2050 423 2105 quem
436 2049 555 2104 regnare
565 2037 669 2086 Iovem.
688 2036 775 2087 Coma
808 2034 913 2086 lurima
926 2041 1023 2086 torvos

153 2101 205 2163 845
222 2102 365 2156 Prominet
378 2103 408 2154 in
419 2102 520 2168 tultus,
532 2103 730 2173 humerosque,
740 2112 773 2156 ut
788 2052 878 2168 lucus,
891 2102 1050 2156 obumbrat.

223 2172 282 2225 Nee
295 2172 365 2225 milti
378 2171 454 2241 quod
465 2171 561 2242 rigidis
574 2171 692 2224 horrent
704 2173 865 2225 densissima
877 2172 943 2224 setis
1076 2222 1082 2231 ,

222 2242 355 2309 Corpora,
367 2250 449 2309 turpe
461 2249 539 2321 puta.
556 2240 656 2313 Turpis
667 2242 726 2294 aine
738 2241 885 2295 frondibus
896 2241 995 2305 arbas:

221 2310 321 2380 Turpis
335 2326 431 2380 equus,
446 2310 501 2360 mai
514 2310 588 2363 colla
600 2310 717 2363 iubaeil
768 2311 827 2362 ntia
839 2310 944 2365 velent,

221 2379 318 2432 Pluma
329 2379 401 2451 tegit
414 2378 554 2432 volucres:
572 2379 669 2433 ombus
683 2374 732 2431 susi
756 2398 809 2432 ana
823 2380 921 2432 decori
936 2388 993 2432 esta

152 2452 205 2509 850
221 2449 311 2502 Barba
328 2449 412 2515 viros,
426 2448 517 2501 hirtae
557 2466 572 2501 e
585 2447 687 2501 decent
697 2449 726 2501 in
742 2466 862 2518 corpore
878 2458 965 2503 setae.

224 2521 317 2571 Unum
329 2527 371 2571 est
381 2518 414 2571 iu
427 2518 521 2570 media
545 2534 631 2571 umen
645 2518 714 2570 mihi
726 2519 830 2586 fronte,
843 2519 894 2573 sed
906 2520 994 2572 instat

221 2591 253 2639 ln
274 2587 344 2640 entis
357 2587 450 2657 clipei.
466 2588 558 2652 Quid?
571 2606 630 2640 uon
641 2583 712 2641 haee
725 2586 820 2641 omnia
830 2605 933 2659 magno

221 2604 358 2710 Solridet
371 2673 387 2707 e
402 2657 501 2709 coelo?
519 2654 577 2710 Soli
591 2667 687 2710 tamen
699 2658 797 2710 unicus
813 2658 898 2711 ornis.

175 2750 177 2755 ·
195 2758 200 2769 ι
223 2725 310 2792 Adde,
345 2725 401 2778 uod
412 2727 442 2777 in
452 2735 544 2779 restro
559 2727 671 2798 genitor
686 2744 764 2779 meus
777 2743 899 2797 aequore
911 2734 1020 2796 regnat.

154 2793 204 2852 865
220 2797 301 2847 Hunc
358 2796 368 2847 i
384 2795 420 2847 do
434 2812 571 2848 socemm.
588 2798 709 2848 Tantum
721 2796 865 2859 miserere,
876 2810 1030 2865 precesque

222 2864 360 2933 Supplicia
371 2863 485 2916 exaudis
496 2865 549 2917 tibi
560 2865 636 2929 enirn
651 2865 857 2918 succumbimus
869 2863 928 2917 uni.

223 2932 333 3003 Quique
343 2936 437 2984 Iovem
451 2941 479 2983 et
492 2934 603 2985 coelum
616 2950 726 3015 sperum
741 2942 769 2986 et
784 2932 958 3003 penetrabile
969 2932 1083 2998 fulmen,

136 3058 139 3063 ,
223 3001 316 3067 Nerei,
329 3009 358 3052 te
369 3016 482 3053 vereor:
496 3009 546 3053 tua
558 3002 678 3056 iulrmne
687 3003 796 3055 saevior
808 3003 851 3055 ira
863 3011 914 3057 est.

221 3074 245 3122 Δ
297 3087 312 3122 e
329 3086 380 3141 ego
395 3078 553 3122 contemtus
565 3087 654 3125 essem
669 3072 819 3140 patientior
831 3071 921 3137 huius,

154 3139 207 3195 860
222 3140 251 3192 si
314 3155 374 3191 eres
386 3154 490 3191 ornnes.
508 3139 562 3191 ssd
576 3157 637 3206 cur,
647 3141 768 3210 Cyclope
783 3141 903 3210 repulso,

224 3209 293 3260 Acin
304 3225 392 3275 amas,
424 3206 584 3278 raefersque
597 3210 666 3262 meis
678 3210 850 3278 amplexibus
861 3208 950 3261 Acin?

222 3276 274 3329 Ille
283 3286 379 3330 tamen
392 3225 558 3346 placeatque
571 3278 633 3339 sibi,
648 3278 814 3349 placeatque
826 3278 932 3345 licebit,
1009 3300 1012 3311 ¹

224 3345 307 3411 Quod
317 3346 432 3412 nollem,
447 3345 571 3415 Galatea,
583 3348 650 3403 tibi:
664 3348 749 3405 modo
762 3348 845 3420 eopia
859 3349 950 3416 detur,
