2350 3834
266 176 713 253 'Metanoaeuosaon
733 199 819 256 ma.
836 203 874 261 11.
1000 204 1041 266 at

85 350 141 398 Aut
156 347 178 398 si
189 343 318 400 rescierit
324 360 335 409 '3
353 352 417 396 tunt
429 345 462 396 o!
479 352 543 396 sunt
555 343 647 416 iurgia
657 343 749 398 tanti?

83 416 215 469 Pmtinus
229 414 357 467 induitur
370 414 474 465 froiam
486 413 651 484 cultumque
665 416 784 469 Dianae:
992 417 1044 475 425

84 491 178 556 Atque
196 486 245 552 ait,
265 483 444 548 onomitum,
460 482 552 555 virgo,
570 500 636 553 pars
649 501 706 536 una
719 501 859 555 mennam,

84 558 117 607 In
132 555 234 675 paribus
250 571 279 606 es
291 556 392 605 venata
405 553 497 623 iugis?
515 553 549 604 de
564 553 655 622 capite
668 554 711 606 vir
731 571 748 606 o

83 628 120 676 Se
147 633 225 677 evatz
245 632 280 689 et,
297 623 378 675 Salve
392 632 507 689 neuneu,
523 639 570 674 me
585 623 688 691 iudice,
728 626 733 635 '
751 624 783 688 it,

9 734 11 743 s
83 692 188 745 Audiat
199 694 258 762 ipse
271 692 348 758 licet,
365 691 453 743 maius
468 695 542 746 Iove.
566 692 657 757 Ridet,
676 701 704 745 et
716 692 804 765 audit,

83 765 119 814 Et
133 763 186 815 sibi
196 761 337 832 praeferri
352 776 380 814 se
393 760 506 832 gaudet,
525 769 553 812 et
565 762 661 814 oscula
674 762 776 833 iungit,

83 834 144 885 Nec
156 832 306 884 moderata
321 832 395 898 satis,
412 846 466 882 nec
479 830 518 884 sic
531 844 549 881 a
559 831 669 901 virgine
683 831 783 884 danda.

9 962 11 969 Α
85 905 147 964 Qua
160 910 263 953 venata
275 901 360 965 foret,
379 900 448 952 silva
462 914 578 951 narrare
592 909 749 969 parantem⁴

82 970 207 1039 Impedit
221 969 364 1040 amplexu=
382 985 436 1021 nec
448 985 479 1021 se
491 969 550 1021 sine
565 963 683 1021 ¹erimine
695 968 800 1038 prodit.

82 1039 136 1092 Illa
152 1039 268 1121 quidem
278 1047 385 1105 contra,
404 1046 540 1108 quantum
553 1039 639 1091 modo
655 1038 763 1091 femina
775 1039 877 1110 possit3

82 1109 249 1179 Adspiceres
261 1108 379 1172 utinam,
397 1108 536 1175 Saturnia,
554 1108 651 1160 mitior
661 1111 747 1161 esses!

9 1240 11 1245 ,
81 1178 135 1231 Illa
147 1178 264 1249 quidem
276 1185 398 1248 pugnat:
414 1176 463 1229 sed
476 1193 548 1251 quae
561 1193 695 1248 superare
711 1177 815 1248 puella,

8 1246 11 1315 ᾗ
83 1247 186 1311 Quisve
198 1252 297 1300 Iovem
309 1247 450 1316 poteratl-
458 1260 593 1316 superum
605 1248 674 1317 petit
688 1247 804 1301 aethera
816 1244 908 1302 vieto'r

9 1320 10 1369 i
82 1317 198 1386 Iupiter.
217 1317 290 1382 Huic
306 1315 370 1368 odio
384 1330 483 1368 nemus
499 1325 549 1384 est,
566 1326 596 1369 et
606 1316 807 1370 consciasilva.

9 1410 10 1415 ¹
82 1386 164 1439 Unde
178 1387 281 1457 pedem
292 1386 417 1438 referens
430 1400 519 1454 paene
536 1395 578 1438 est
594 1386 682 1438 oblita
696 1385 860 1456 pharetram

9 1506 11 1529 Ι
81 1455 196 1508 Tollere
215 1472 283 1509 oum
295 1455 368 1520 telis,
387 1462 423 1519 et,
480 1470 525 1507 em
539 1455 731 1525 suspenderat,
749 1473 857 1511 areum.
917 1494 918 1497 κ

9 1548 11 1561 ¹
118 1527 205 1577 Eece!
223 1534 273 1576 r'uo
288 1523 454 1576 comitatae
475 1541 526 1579 uro
539 1525 678 1593 Dictynna
687 1541 739 1595 per
750 1526 843 1579 altum

81 1594 234 1647 Maenalon
247 1593 418 1665 ingrediens,
436 1603 465 1645 et
481 1593 568 1646 caede
583 1594 704 1662 superba
715 1595 853 1662 ferarum,

9 1712 10 1727 ,
82 1663 210 1734 Adspicit
221 1664 307 1730 hano,
326 1663 469 1731 visamque
483 1672 579 1715 vocat:
599 1663 720 1717 clamata
733 1664 850 1737 refugit,

9 1756 10 1799 3
81 1734 117 1784 Et
129 1732 225 1785 timuit
236 1733 342 1802 primo,
360 1749 397 1783 ne
410 1732 515 1801 Iupiter
530 1741 603 1784 esset
612 1733 641 1784 in
654 1733 713 1789 illa.
745 1740 747 1747 ’

9 1806 10 1827 ³
81 1801 137 1854 Sed
149 1809 304 1873 postquam
315 1801 421 1870 pariter
435 1802 575 1870 Nymphas
588 1801 720 1855 incedere
732 1802 817 1866 ridit3

9 1910 10 1913 ,
81 1872 175 1923 Sensit
187 1871 286 1923 abesse
298 1870 390 1923 dolos:
407 1884 614 1940 numerumque
628 1871 745 1924 accessit
759 1871 797 1925 ad
810 1872 920 1930 hanam.
1010 1876 1044 1920 '.

9 1944 11 1977 ³
80 1942 156 1993 Heu!
175 1952 264 2011 quam
278 1938 458 2005 difficilem,
478 1939 585 1993 crimen
598 1957 656 1992 non
668 1941 789 2009 prodere
801 1941 896 1997 vultui
928 1977 944 1981 =-
973 1978 976 1981 -

80 2010 134 2062 Vix
146 2010 245 2062 oculos
258 2008 362 2060 attollit
371 2009 475 2060 humo:
492 2026 556 2074 neo,
573 2018 607 2060 ut
620 2018 685 2062 ante
698 2009 815 2075 solebat,

80 2082 181 2131 Iuncta
196 2079 266 2131 deae
279 2078 371 2145 lateri,
385 2094 439 2130 nec
451 2086 514 2130 toto
530 2087 572 2130 est
589 2079 701 2150 agmine
710 2078 819 2149 prima:

81 2148 137 2200 Sed
150 2148 225 2215 silet,
246 2156 274 2200 et
289 2146 358 2199 laesi
374 2146 424 2199 dat
436 2146 516 2219 signa
530 2148 634 2201 nabore
648 2148 774 2230 pudoris.

9 2266 10 2273 ,
79 2220 124 2279 Et,
142 2217 197 2269 nisi
211 2216 288 2287 qnod
301 2217 379 2286 virgo
394 2224 444 2282 est,
460 2225 573 2286 poterat
584 2226 687 2271 senine
696 2217 785 2270 Diana

9 2286 11 2337 1
80 2286 160 2339 Mille
175 2284 250 2338 notis
265 2285 387 2354 culpam.
410 2286 555 2355 Nymphae
568 2288 682 2340 sensisse
694 2287 835 2347 fanantur.

9 2360 10 2365 ’
81 2355 158 2408 Orbe
172 2355 359 2426 resurgebant
375 2355 495 2408 Luneria
509 2373 615 2408 cornua
628 2368 720 2420 non03

81 2427 153 2477 Cum
167 2427 226 2477 Dea
237 2424 373 2490 venatrix,
392 2423 523 2476 fraternis
536 2425 671 2496 languida
684 2426 818 2494 flammis,
842 2457 846 2462 ι

79 2496 173 2551 Nacta
184 2510 284 2547 nemus
296 2493 429 2564 gelidum,
447 2492 483 2546 de
495 2511 551 2564 quo
566 2510 632 2546 cum
644 2511 790 2569 murmure
804 2495 901 2550 labens

80 2563 153 2630 Ibat,
172 2572 200 2615 et
216 2564 324 2615 attritas
336 2562 466 2615 versabat
478 2563 554 2614 rivus
568 2574 697 2627 arenas3’

80 2636 122 2685 Ut
133 2633 200 2685 loca
213 2631 348 2698 laudavit,
365 2646 488 2683 summas
499 2632 571 2700 pede
586 2631 706 2704 contigit
718 2631 815 2687 undas.

80 2701 130 2754 His
143 2718 259 2772 quoque
270 2701 398 2767 laudatis,
406 2704 408 2709 ’
416 2700 519 2752 Procul
530 2710 580 2767 est,
599 2703 646 2768 ait,
665 2701 771 2756 arbiter
781 2706 887 2762 omnis:

79 2771 165 2825 Nuda
178 2770 332 2840 superioris
343 2770 483 2840 tingamus
494 2787 528 2823 oo
565 2788 616 2823 ora
629 2771 760 2842 lymphis.

79 2841 225 2893 Parrhasis
239 2840 359 2893 erubuit.
378 2841 500 2893 Cunctae
506 2858 544 2892 re
557 2841 651 2893 amina
660 2851 783 2911 ponunt:

81 2913 144 2963 Una
160 2926 258 2962 moras
272 2908 396 2981 quaerite
415 2908 553 2963 dubitanti
563 2911 645 2962 vestis
660 2911 771 2964 ademta
783 2919 836 2967 est:

9 3006 11 3009 ·
80 2981 144 3043 Qua
158 2979 254 3049 posita
266 2977 343 3030 nuda
356 2979 449 3046 patuit
461 2994 526 3031 cum
539 2996 658 3049 corpore
679 2980 795 3036 crimen.

9 3082 11 3119 :
80 3049 235 3113 Attonitae,
252 3048 438 3118 manibusque
454 3057 568 3100 uterum
581 3048 801 3118 celarerolenti,

9 3166 12 3173 .
79 3117 211 3187 Iprocul
224 3116 300 3183 hino,
319 3116 395 3182 dixit,
413 3133 466 3168 nec
479 3134 574 3170 sacros
587 3119 683 3188 pollue
695 3119 801 3186 fontes,
977 3178 980 3183 ,

9 3226 10 3229 ,
80 3186 323 3256 Cynthiaz'deque
338 3200 387 3238 suo
400 3185 479 3238 iussit
490 3188 622 3240 secedere
637 3197 729 3242 coetu.
774 3184 780 3195 ³
984 3184 1036 3241 46⁵

9 3296 11 3303 ,
116 3260 251 3309 senserat
260 3255 316 3308 hoc
327 3254 396 3307 olim
408 3255 506 3337 magni
519 3265 649 3310 matrona
660 3257 802 3326 Tonantis,
1043 3283 1049 3291 ·

76 3324 291 3397 Distuleratque
306 3332 406 3397 graver
417 3324 564 3380 'londonae
573 3334 706 3397 tempora
716 3341 830 3398 poena.
865 3326 869 3329 “
