2350 3834
51 191 53 200 ’
153 215 214 281 136
420 218 451 272 1².
473 187 844 271 0v1u11uasou1a

217 368 312 433 Icare,
327 362 381 430 ait,
397 377 514 427 moneo,
530 378 582 429 ne,
590 361 621 432 Ji
634 360 780 416 demissior
792 360 853 424 itis,

149 435 202 491 205
220 435 299 487 Unda
313 441 412 504 gravet
423 446 542 501 pennas;
560 432 582 484 si
597 431 711 499 celsior,
729 430 802 501 ignis
817 430 926 484 edurat.

152 531 156 536 ⁷
217 508 460 582 Interutrumque
469 501 543 555 vola.
578 504 638 554 Nec
649 510 679 554 te
690 508 817 570 spectare
827 503 942 563 Booten,

218 578 274 625 Aut
287 571 403 624 Helicen
416 570 517 636 rubeo,
534 571 697 623 strictumve
712 569 820 622 Orionis
831 585 942 621 ensem:

137 701 143 708 ,
220 644 264 694 Me
282 640 354 693 duce
368 655 452 709 carpe
464 639 553 710 vicmo
581 640 690 692 Pariter
702 653 805 708 praece
866 639 981 694 volandi

219 709 332 773 Tradit;
350 717 378 761 et
390 709 639 779 ignotasnumeris
650 723 798 764 accommo
862 707 929 763 alas.

149 778 204 834 210
219 783 297 833 Inter
307 795 375 847 opus
388 778 569 848 monitusque
581 795 669 849 genae
680 774 814 829 maduere
826 778 942 830 senilem

219 850 253 901 Et
267 847 374 917 patriae
388 856 530 900 tremuere
545 863 653 901 manus.
676 846 772 902 ,Dedit
784 847 880 899 oscula
892 856 960 899 nato

220 919 284 970 Non
298 917 403 969 iterum
415 917 567 986 repetenda
581 934 648 982 suo3
665 915 819 986 manuque
831 915 939 969 lerattu

219 985 394 1052 antevolat,
411 985 565 1056 comitique
577 986 674 1048 timet;
691 984 769 1037 velut
780 984 857 1052 alea,
875 986 911 1038 ab
925 984 983 1039 alto

220 1058 297 1119 Quae
310 1063 440 1108 teneram
455 1056 565 1125 prolem
578 1054 712 1124 produxit
720 1054 751 1105 in
762 1055 829 1106 aira
843 1054 935 1121 nido„

62 1181 64 1190 s
149 1121 202 1180 215
219 1127 408 1195 hortaturque
420 1125 513 1194 sequi,
531 1125 733 1193 damnosasque
744 1122 938 1177 eruditarum:

218 1195 253 1245 Et
264 1202 359 1246 movet
371 1193 431 1263 ipse
444 1209 520 1254 suaa.
539 1203 568 1247 et
577 1193 638 1246 nati
650 1190 765 1261 respicit
776 1192 843 1245 alas.

219 1265 276 1314 Hos
288 1262 404 1332 aliquia,
421 1262 545 1315 tremula
558 1262 627 1315 dum
641 1270 736 1331 captat
751 1259 889 1314 arundine
900 1262 999 1331 pisces,

219 1335 274 1381 Aut
284 1340 381 1400 pastor
395 1331 512 1399 haculo,
530 1332 635 1384 stivave
646 1330 872 1397 innixusarator,

218 1398 308 1461 Vidit;
327 1408 355 1452 et
370 1399 508 1468 obstupit,
527 1402 630 1469 quique
643 1399 758 1452 aethera
774 1415 888 1469 carpere
901 1408 1022 1471 possent,

149 1467 204 1523 220
220 1468 343 1520 Credidit
355 1484 413 1520 essa
428 1468 504 1523 deos.
539 1470 645 1521 Etiam
659 1469 775 1520 Iunonia
789 1467 869 1520 laeva
932 1491 937 1496 ·

217 1538 301 1589 Parte
314 1541 411 1589 Samos
422 1536 550 1603 fuerant,
568 1538 722 1607 Delosque,
739 1540 879 1607 Parosque
892 1538 1025 1592 relictae:

219 1605 321 1658 Dextra
331 1606 489 1675 Iaebynthos
502 1615 596 1670 erant,
615 1606 793 1676 fecundaque
809 1606 896 1660 mella
909 1609 1052 1680 Calymna3

219 1676 289 1726 Cum
302 1691 372 1744 puer
385 1675 485 1730 audaci
499 1677 595 1746 coepit
606 1674 729 1756 paudere
744 1675 848 1742 volatu,

219 1745 404 1825 Deseruitque
417 1744 533 1808 ducem,
551 1745 680 1815 coelique
695 1744 826 1813 cupidine
839 1751 933 1800 trouu

150 1809 203 1867 226
220 1811 308 1865 Altius
322 1821 381 1884 egit
392 1814 454 1866 iter.
489 1815 588 1884 Rapidi
601 1814 784 1867 vioiniadolis
993 1817 996 1822 ’

220 1881 312 1934 Mollit
324 1882 470 1950 odoratas,
488 1882 785 1954 pennarum'tineula,
802 1897 891 1956 aeras.

218 1950 379 2004 Tabuerant
389 1969 485 2006 cerae:
503 1953 593 2005 nudos
665 1951 906 2019 titillabamur,

219 2021 403 2093 Remigioque
417 2035 513 2075 carens
526 2037 583 2074 non
597 2039 617 2073 u
678 2020 800 2090 percipit
812 2035 904 2074 auras.

220 2092 331 2159 Oraque
342 2091 489 2158 caerulea,
505 2091 630 2161 patrium
646 2090 922 2156 clementianum,

151 2154 206 2212 230
220 2158 402 2228 Excipiuntur
417 2177 505 2231 aqum
529 2173 601 2230 quae
613 2176 718 2213 nomen
730 2159 816 2211 traxit
828 2159 865 2211 ab
878 2158 939 2211 ill'o.

220 2233 256 2280 at
268 2236 350 2297 peter
362 2229 475 2291 infelix,
494 2246 546 2282 uec
560 2230 618 2281 iarn
629 2239 727 2298 pater,
750 2231 845 2295 Icare,
868 2227 947 2293 axis,

221 2300 319 2365 Icare,
337 2297 420 2366 dixit,
436 2299 486 2351 ubi
500 2299 549 2351 es?
568 2315 625 2368 qua
637 2307 668 2350 te
679 2298 795 2377 ragione
807 2313 839 2349 re
881 2297 888 2310 ⁴
959 2297 975 2352 ἓ

121 2419 123 2432 Ἴ,
222 2369 317 2429 Icare,'
331 2365 458 2421 dicebat:
476 2383 581 2437 pennas
596 2366 778 2436 compemtin
796 2383 813 2418 u
854 2366 887 2435 ir,

222 2437 394 2506 Devovitque
407 2454 469 2490 suas
481 2446 567 2496 arten
584 2452 744 2515 corpusque
753 2435 885 2505 sepulcro

152 2499 205 2558 235
223 2504 364 2571 Condidit3
386 2515 414 2558 at
426 2506 510 2559 telius
522 2524 539 2559 a
551 2506 666 2558 nornine
678 2506 754 2557 dicta
765 2504 874 2574 sepulti.

256 2576 337 2627 Hunc
351 2576 446 2628 miseri
462 2574 570 2629 tumulo
582 2584 736 2644 ponentem
748 2590 867 2644 corpora
879 2572 941 2625 nati

225 2643 344 2695 Gamda
354 2662 466 2697 ramosa
479 2646 621 2715 prospexit
633 2644 668 2696 ab
682 2643 747 2695 ilice
758 2642 869 2711 perdix:

224 2714 258 2764 lit
270 2711 372 2792 plausit
386 2715 500 2783 pennis,
517 2723 674 2784 testataque
686 2712 789 2784 gaudia
800 2719 886 2764 cantu
901 2720 958 2775 est3

224 2784 313 2833 Unica
325 2791 394 2835 tunc
408 2783 546 2851 volucris,
558 2800 612 2836 nec
624 2783 686 2835 visa
700 2782 840 2850 prioribus
852 2780 943 2842 annis,

155 2842 208 2903 240
223 2852 362 2920 Factaque
375 2870 465 2921 nuper
477 2853 548 2919 avis,
566 2853 685 2924 longum
694 2851 761 2917 tihi,
782 2849 918 2916 Daedale,
936 2848 1048 2902 crimen.

225 2921 353 2988 Namque
364 2921 431 2974 huic
446 2921 614 2989 tradiderat,
633 2922 760 2974 fatorum
772 2919 887 2991 ignara,
905 2919 1056 2973 docendam

223 2989 390 3058 Progeniem
403 3007 537 3061 gennano
551 3008 647 3055 suam,
665 2989 805 3042 natalibus
818 2989 888 3041 actis

222 3058 267 3108 Bis
279 3073 398 3125 puerum
410 3060 498 3126 senis,
517 3061 604 3112 animi
617 3060 653 3112 ad
667 3066 817 3129 praecepta
830 3057 950 3127 capacis.

224 3125 276 3178 Ille
289 3126 373 3180 etiam
385 3128 479 3180 medio
492 3130 584 3198 spinas
595 3130 625 3181 in
638 3130 715 3198 piace
725 3135 835 3182 notatos

155 3193 208 3253 245
225 3194 322 3247 Traxit
335 3198 365 3249 in
377 3197 553 3267 exempluma
568 3199 704 3270 ferroque
715 3196 815 3249 incidit
828 3204 913 3249 acuto
944 3208 954 3222 ⁸

224 3267 376 3333 Perpetuos
391 3267 502 3334 dentes,
521 3277 548 3321 et
559 3283 652 3321 serrae
663 3266 769 3336 reperit
780 3282 871 3318 urum.

224 3333 333 3388 Primus
349 3345 377 3388 et
389 3353 423 3390 ex
435 3353 492 3391 uno
506 3337 561 3393 duo
571 3337 667 3392 ferrea
680 3335 796 3397 brachia
806 3334 882 3389 nodo
