2350 3834
141 212 204 279 178
407 211 441 268 1².
463 209 571 268 ovln
581 212 618 268 11
637 210 829 273 NASONIS

206 360 260 410 Ore
271 373 321 410 suo
335 373 393 412 non
405 354 477 409 falsa
489 354 607 425 premit:
626 355 747 428 dateque
761 353 857 410 oscula
867 355 948 429 virgo
1047 369 1050 372 ’

111 431 113 436 “
207 428 313 492 Sensit,
331 436 359 479 et
372 425 497 479 erubuit:
514 425 701 496 timidumque
714 425 751 478 ad
760 425 869 478 lumina
880 425 981 482 lumen

121 507 123 510 ·
206 495 356 562 Attollens,
369 496 552 565 paritercum
565 495 647 548 coelo
658 494 730 548 vidit
741 503 891 548 amantem.

137 566 190 623 295
207 564 357 634 Coniugio,
375 563 450 635 quod
463 564 546 632 fecit,
564 563 643 615 adest
658 565 719 616 dea
753 569 869 634 iamque
881 564 988 618 coactis

206 633 341 686 Cornibus
351 633 380 684 in
392 633 508 704 plenum
520 633 616 686 novies
626 632 770 685 lunaribus
782 633 891 699 orbem,

205 703 257 756 llla
272 703 384 772 Paphon
399 702 508 773 genuit:
528 702 563 755 de
578 719 635 783 quo
647 710 727 754 tenet
740 701 831 754 insula
844 718 959 758 nomen.
1044 748 1047 756 .

241 771 336 824 Editus
349 772 404 824 hac
415 770 464 824 ille
478 781 534 837 est,
552 789 618 841 qur,
636 771 659 822 si
672 770 731 823 sine
745 771 825 841 prole
837 770 946 838 fuisset,

206 844 283 893 Inter
295 840 392 894 felices
403 840 516 909 Cinyras
527 842 663 907 potuisset
674 839 781 893 haberi.

137 909 190 967 300
205 911 272 962 Dira
285 927 401 972 canam3
418 918 501 962 natae
514 909 614 977 procul
625 909 705 975 hino,
722 908 894 978 proculeste
905 914 1049 977 parentes:

131 1027 134 1032 .
204 983 273 1043 Aut,
290 996 354 1031 mea
368 979 392 1031 si
404 988 509 1031 vestras
522 978 687 1030 mulcebunt
699 977 825 1032 carmina
836 986 954 1043 menter,
993 1017 996 1020 .

204 1043 282 1100 Desit
292 1050 323 1100 in
337 1048 391 1101 hac
407 1048 478 1100 mihi
491 1056 571 1116 parte
585 1047 672 1111 fides3
689 1064 743 1099 nec
756 1046 861 1100 credite
876 1046 1001 1101 factum

205 1118 272 1184 Vel,
290 1117 313 1169 si
328 1117 457 1184 credetis,
475 1117 544 1170 iacti
559 1132 671 1196 quoque
684 1115 791 1172 credite
804 1132 934 1184 poenam.
987 1159 992 1170 .

205 1187 234 1239 si
247 1195 342 1239 tamen
355 1185 508 1239 admissum
521 1186 586 1237 sinit
597 1185 653 1238 hoc
665 1187 770 1237 Natura
780 1184 883 1250 rideri3

136 1254 188 1311 805
207 1256 341 1308 Gentibus
355 1255 490 1322 Ismariis,
509 1264 538 1307 et
550 1262 647 1310 nostro
695 1254 787 1307 atulor
802 1255 882 1320 orhi;

206 1325 340 1377 Gratulor
352 1325 419 1377 huic
429 1333 538 1387 terrae,
557 1322 634 1393 quod
685 1332 725 1376 est
736 1322 898 1395 regionibus
910 1322 975 1392 illis,

204 1397 282 1456 Quae
294 1401 406 1446 tantum
416 1409 539 1464 genuere
551 1392 641 1445 nefas.
676 1391 718 1445 sit
731 1392 806 1445 dives
820 1409 944 1459 amomo,

205 1464 408 1531 Ginnamaque,
427 1472 593 1531 costumque
605 1478 699 1526 suam,
717 1461 815 1513 sudata
835 1478 870 1514 ue
882 1462 963 1533 ligno

205 1534 281 1584 Tura
294 1531 382 1598 ferat,
400 1531 484 1583 flores
506 1547 542 1583 ue
554 1530 625 1584 alios
636 1530 776 1583 Panchaia
786 1480 883 1594 tellus3

134 1606 188 1661 310
204 1604 278 1653 Dum
290 1601 365 1654 ferat
376 1607 405 1652 et
417 1602 494 1668 lllyrr
515 1616 575 1652 am:
594 1601 664 1654 tanti
678 1617 749 1651 nova
762 1599 885 1652 nonfuit
897 1599 990 1662 arbos.

203 1674 264 1739 Ipse
276 1677 361 1740 negat
371 1669 500 1721 necturae
511 1669 564 1721 tihi
576 1686 626 1720 sua
640 1669 699 1722 tela
711 1669 825 1748 Cupido,

204 1739 332 1807 Myrrha,
351 1738 483 1810 facesque
497 1755 560 1790 sues
573 1755 590 1789 a
603 1737 721 1791 crimine
734 1736 857 1789 vindicat
868 1736 931 1790 isto.

203 1809 300 1877 Stipile
312 1816 342 1859 te
357 1807 467 1876 Stygio,
485 1806 655 1877 tumidisque
668 1806 782 1859 adflavit
794 1805 922 1858 Echidnis

201 1880 223 1929 E
235 1878 324 1930 trihus
338 1893 394 1928 una
407 1880 499 1929 Soror.
535 1876 631 1928 Scelus
645 1885 687 1928 est
702 1875 791 1928 odisse
804 1882 966 1943 parentent:

134 1947 184 2005 315
201 1947 253 1999 liic
267 1962 347 1998 amor
360 1953 402 1998 est
411 1944 475 1998 odio
489 1945 578 1996 maius
590 1946 688 1997 scelus.
723 1944 851 2025 Undique
863 1942 969 1995 lecti.
1063 1991 1068 1998 ,
1153 2001 1154 2026 ,

202 2017 242 2068 Te
255 2016 372 2083 cupiunt
386 2029 533 2082 proceres,
548 2022 666 2083 totoque
679 2013 790 2066 Oriente
801 2021 930 2065 iuventus
992 2055 996 2066 .

203 2085 246 2136 Ad
258 2083 375 2136 thalami
389 2092 533 2135 certamen
547 2082 634 2135 adest.
668 2086 706 2134 Ex
719 2081 848 2136 omnihus
859 2096 950 2133 unum

202 2154 294 2225 Elige,
311 2151 437 2220 Myrrha,
454 2152 522 2208 tibi;
540 2150 608 2202 dum
620 2170 656 2203 ne
670 2152 706 2204 sit
716 2151 747 2206 in
764 2151 893 2203 omnihus
905 2165 984 2204 unus.
998 2193 1000 2206 .

203 2221 254 2274 llla
265 2220 379 2291 quidem
390 2221 488 2286 sentit,
506 2219 648 2289 foedoque
662 2229 801 2291 repugnat
814 2218 916 2284 amori,

131 2294 186 2349 820
201 2294 235 2342 Et
245 2307 355 2354 secum,
374 2293 435 2353 Quo
448 2297 542 2341 mente
555 2288 653 2341 feror?
672 2287 740 2360 quid
752 2287 876 2341 molior?
892 2287 994 2357 inquit

201 2362 249 2425 Dt,
267 2375 385 2429 precor,
404 2366 433 2410 et
444 2358 550 2423 Pietas,
568 2367 732 2429 sacrataque
747 2358 808 2410 iura
821 2365 983 2426 parentum,

200 2431 261 2481 Hoc
272 2428 419 2497 prohibete
431 2427 524 2492 nefas,
540 2427 640 2480 sceleri
660 2445 695 2482 ue
708 2426 827 2479 resistite
842 2434 939 2489 tant03
983 2419 991 2438 '

201 2498 229 2549 si
242 2501 337 2552 tamen
353 2497 408 2550 hoc
421 2496 511 2548 scelus
526 2506 575 2549 est.
610 2446 665 2549 Sed
681 2496 755 2549 enirn
768 2495 903 2548 damnare
918 2501 1036 2566 negatur

202 2570 281 2630 lianc
293 2572 431 2620 Venerem
444 2566 545 2635 pietas:
564 2569 722 2636 coeuntque
734 2564 865 2618 animalia
876 2563 956 2617 nullu
1010 2612 1012 2616 .

132 2636 184 2694 325
202 2638 317 2688 Caetera
328 2634 454 2687 delectu:
473 2651 525 2688 uec
537 2634 657 2687 hahetur
669 2643 749 2704 turpe
761 2634 895 2687 iuvencae
911 2663 914 2676 ·

200 2707 284 2758 Ferre
296 2713 405 2772 patrem
418 2712 514 2775 tergo:
533 2704 568 2755 fit
579 2721 651 2774 equo
662 2721 713 2756 sua
726 2702 784 2756 iilia
798 2702 913 2757 coniux:

201 2776 330 2842 Quasque
343 2772 461 2838 creavit,
479 2773 531 2825 init
541 2773 675 2841 pecudes,
695 2789 792 2842 caper:
810 2772 943 2891 ipsaque,
961 2768 1039 2823 euius

200 2842 313 2894 Semina
328 2850 465 2911 concepta
479 2851 534 2903 est,
553 2859 586 2893 ex
602 2842 650 2894 illo
666 2840 789 2910 concipit
802 2860 817 2892 a
830 2857 867 2893 es.

200 2912 320 2976 Felices,
339 2910 438 2979 quibus
452 2911 505 2962 ista
517 2910 618 2964 licent!
636 2910 759 2963 humane
772 2909 909 2979 malignas

130 2980 184 3039 330
200 2982 271 3031 Cura
284 2978 359 3030 dedit
372 2979 461 3050 leges:
480 2988 509 3030 et
520 2980 597 3050 prod
611 2982 718 3032 Natura
729 2978 857 3045 remittit,
893 2989 899 3000 ‘

197 3048 294 3101 Invida
308 3047 371 3099 iura
383 3056 496 3117 negant.
533 3051 635 3101 Gentes
646 3057 742 3101 tamen
757 3064 815 3101 esse
828 3048 969 3114 seruum,

197 3121 231 3169 ln
243 3116 343 3186 quibus
356 3124 385 3167 et
397 3125 464 3167 nato
479 3117 619 3186 genetrix,
638 3127 667 3171 et
679 3127 746 3172 nata
758 3116 869 3187 parenti

198 3184 342 3256 Iungitur,
360 3193 388 3236 et
402 3185 489 3253 pietas
502 3186 644 3256 geminato
657 3187 760 3240 crescit
774 3202 880 3239 amore.

197 3257 243 3305 Me
256 3252 400 3304 miseram!
419 3251 496 3321 quod
509 3271 567 3305 non
579 3256 656 3310 nasci
669 3255 739 3308 mihi
750 3256 867 3326 contigit
879 3252 953 3320 illic,

131 3320 182 3378 386
199 3325 376 3394 Fortunaque
387 3320 445 3376 loci
453 3321 564 3377 laedor!
600 3324 674 3390 Quid
686 3326 717 3379 iu
729 3325 783 3379 ista
793 3321 942 3378 revolvor?
