2350 3834
161 223 224 287 182
407 223 439 279 Ρ.
476 219 620 282 orlon
655 219 859 276 NASONIS

229 370 310 422 Dicat
322 376 352 420 et
362 368 423 435 illa,
439 370 536 432 Pater3
554 365 653 420 sceleri
665 381 700 420 ne
712 367 829 419 nomina
840 363 939 421 desint.

229 440 314 491 Plena
328 438 414 507 patris
427 438 556 496 thalam'n
571 436 690 501 excedit,
708 445 736 490 et
748 436 837 505 impia
851 436 914 489 diro

160 510 215 566 470
230 508 342 560 Semina
354 507 411 560 fert
424 516 514 573 utero,
534 514 725 576 conceptaque
740 506 859 566 crimina
870 514 973 574 portat.

230 580 341 629 Postera
354 594 410 631 nox
423 577 532 629 facinus
547 575 684 646 geminat:
701 592 754 627 neo
767 575 830 625 imis
843 573 937 628 inille
952 584 1006 628 est:

143 711 147 718 Ι
229 649 299 698 Cum
310 646 425 697 tandem
437 647 558 715 Cinyras,
577 643 672 697 avidus
687 660 858 715 cognoscere
869 654 1013 698 amantem
1029 685 1032 691 .

134 752 138 766 ,
230 719 295 768 Post
307 723 350 776 tot
363 716 537 779 concubitus,
554 714 633 766 illato
644 714 751 765 lumine
766 712 837 764 vidit
911 729 914 736 ’

228 788 264 837 Et
277 785 377 852 scelus,
393 793 423 835 et
435 794 539 850 natam,
556 784 701 854 verbisque
712 783 809 834 dolore
823 785 948 852 retentis,

161 853 214 911 475
230 854 364 907 Pendenti
376 853 496 907 nitidum
509 854 609 925 vagina
627 853 728 924 deripit
742 869 844 906 ensem.

231 925 345 992 Myrrha
358 923 441 995 fugit,
456 924 578 976 tenebris
594 930 621 974 et
633 938 733 975 caecae
748 938 864 974 munere
877 921 970 974 noctis

231 992 477 1062 Interceptaneci:
495 993 624 1062 latosque
635 1001 735 1063 vagata
745 1007 797 1060 per
811 1007 901 1062 agros,

131 1067 134 1072 ’
230 1063 393 1116 Palmiferos
407 1064 519 1130 Arabas,
536 1061 734 1131 Panchaeaque
747 1077 814 1112 rura
826 1060 971 1131 relinquit.

136 1171 145 1184 .
225 1135 338 1201 ΙΡετῐῳιι)
351 1148 453 1183 novem
466 1129 570 1184 erravit
585 1131 725 1182 redeuntis
741 1145 847 1183 cornua
859 1133 969 1193 Lunae5

126 1241 129 1250 ,
162 1202 216 1262 480
234 1204 303 1252 Cum
314 1200 429 1252 tandem
442 1209 519 1253 terra
531 1201 669 1272 requievit
682 1200 754 1251 fessa
770 1200 884 1265 Sabaea,

232 1271 337 1342 Vixque
347 1271 420 1321 uteri
433 1271 566 1339 portabat
577 1285 656 1322 onus.
679 1271 751 1320 Tum
763 1269 858 1320 nescia
870 1269 937 1335 voti,

162 1361 167 1366 “
232 1343 324 1411 Atque
337 1338 414 1389 inter
424 1340 577 1409 mortisque
591 1347 690 1403 merus,
709 1346 739 1390 et
755 1338 850 1389 taedia
864 1338 948 1406 ritae,

232 1412 282 1461 Est
293 1406 362 1460 talea
377 1424 476 1459 exorsa
491 1425 602 1477 preces:
622 1411 643 1458 0
658 1408 682 1459 si
699 1423 754 1476 qua
765 1408 866 1476 patetis

231 1476 353 1531 Numine
365 1475 511 1530 confessis:
529 1476 630 1541 merui,
647 1492 700 1528 nec
712 1476 792 1528 triste
805 1484 905 1529 recuso
981 1521 985 1538 ,

163 1545 218 1604 485
237 1544 419 1615 Supplicium.
442 1547 503 1613 Sed,
522 1563 557 1599 ne
571 1546 677 1599 violem
688 1544 1004 1665 vivosquesuperstes,x

231 1620 398 1687 Mortuaque
411 1618 566 1681 exstinctos,
584 1615 719 1667 ambobus
732 1632 767 1683 pe
791 1615 829 1667 ite
841 1616 949 1686 regnis:

231 1689 410 1755 Mutataeque
424 1685 495 1737 mihi
504 1686 593 1737 vitam
634 1701 814 1753 enecemque
826 1694 938 1755 negate.
988 1701 992 1706 ·

232 1757 342 1809 uonna
355 1754 485 1810 confessis
499 1755 593 1826 aliquo
625 1761 712 1823 patet.
737 1753 841 1805 Ultima
856 1762 933 1824 certe

231 1827 306 1878 Vota
316 1840 381 1876 suos
390 1824 515 1877 habuere
528 1824 608 1887 deos3
627 1841 694 1875 nam
708 1839 791 1875 crura
802 1822 946 1893 loquentis

162 1892 217 1949 ΘΟ
232 1897 319 1946 Terra
330 1895 505 1962 supervenit:
521 1902 674 1962 ruptosque
692 1892 807 1961 obliqua
821 1909 870 1961 per
885 1907 993 1963 ungues

231 1962 388 2032 Porrigitur
403 1962 489 2029 radix,
505 1963 584 2033 longi
598 1961 738 2014 firmamia
750 1962 860 2015 trunci:

231 2037 354 2106 Ossaque
367 2033 455 2086 robur
468 2040 553 2103 agunt
562 2054 567 2084 :
575 2040 577 2043 '
586 2032 733 2100 mediaque
746 2039 876 2081 manente
888 2029 1012 2082 medulla

232 2101 347 2171 Sanguis
357 2101 381 2152 it
392 2103 422 2155 in
434 2118 541 2168 succos,
559 2102 588 2152 in
602 2117 720 2171 magnos-
730 2099 847 2151 brachia
861 2116 963 2168 ramos,

233 2175 264 2222 In
279 2188 377 2239 parvos
393 2170 486 2240 aigin„—
506 2171 622 2222 duratur
636 2170 742 2221 cortice
755 2169 844 2238 pellis.

163 2239 216 2300 495
231 2244 346 2307 Iamque
358 2256 473 2309 gravem
486 2255 612 2291 crescens
627 2248 740 2290 uterum
752 2238 950 2307 perstrinxerat
962 2235 1046 2289 orbor

231 2310 402 2377 Pectoraque
416 2309 557 2374 obruerat,
572 2308 734 2377 collumque
748 2307 857 2376 operire
873 2307 1007 2375 parabat3

232 2380 295 2431 Non
307 2376 373 2429 tulit
383 2377 433 2429 illa
444 2395 568 2430 moram:
586 2378 764 2447 venientique
779 2377 861 2429 obvia
876 2376 954 2447 ligno
989 2391 1002 2420 t

234 2445 369 2513 Subsedit,
381 2447 535 2518 mersitque
551 2464 614 2500 suos
626 2447 656 2498 in
675 2447 781 2499 cortice
791 2446 891 2500 vultus.

234 2520 320 2581 Quae,
339 2533 511 2588 quamquam
523 2516 615 2569 amisit
627 2524 733 2568 veteres
747 2533 812 2568 cum
822 2529 942 2583 corpore
953 2527 1055 2582 sensus,

164 2586 217 2640 500
233 2586 293 2638 Flet
307 2594 412 2654 temen,
425 2596 453 2640 et
465 2585 575 2655 tepidae
590 2594 705 2637 manant
720 2594 753 2637 ex
770 2586 870 2637 arbore
883 2591 988 2654 guttae.

233 2658 281 2707 Est
293 2653 384 2708 honor
397 2666 424 2708 et
434 2655 571 2708 lacrimis:
590 2656 749 2724 stillataque
764 2655 871 2707 cortice
881 2650 995 2722 Myrrha

233 2726 343 2777 Nomen
355 2723 444 2782 herile
456 2734 543 2789 tenet,
562 2725 688 2794 nullique
696 2725 837 2776 tacebitur
849 2739 925 2775 aevo.

271 2797 307 2844 At
318 2794 392 2847 male
412 2803 562 2864 conceptus
574 2794 625 2846 suh
637 2794 740 2846 robore
755 2801 883 2845 creverat
895 2791 997 2859 infans,

167 2862 175 2880 ²
236 2864 447 2933 Quaerebatque
459 2865 542 2931 viam,
561 2880 667 2934 quase,
686 2863 829 2934 genetrice
844 2859 952 2929 relicta,

166 2928 219 2987 506
234 2933 387 2984 Ensereret.
410 2933 500 2985 Media
513 2932 642 3005 gravidus
657 2928 752 2985 tumet'
759 2933 859 2994 arbore
874 2939 989 2996 venters

234 3000 336 3054 Tendit
347 3018 416 3052 onus
429 3003 564 3054 matrem:
579 3018 634 3053 nec
646 3002 752 3053 haloent
762 3019 812 3055 sua
823 3000 909 3062 verba
922 3000 1047 3070 dolores3

235 3071 295 3122 Nec
306 3069 412 3121 Lucina
420 3080 512 3139 potest
523 3070 658 3142 parientis
669 3086 739 3122 voce
749 3071 853 3123 vocari„

179 3188 185 3194 ,
234 3137 339 3194 Nitenti
353 3139 450 3191 temeri
463 3150 504 3192 est
514 3141 620 3204 similis,
636 3145 807 3212 curvataque
821 3139 934 3191 crebros

234 3209 289 3258 Dat
302 3207 419 3277 gemitus
433 3211 525 3276 arbor,
543 3209 721 3280 lacrimisque
733 3210 895 3262 cadentibus
906 3209 1012 3260 humet.

167 3273 221 3328 610
240 3276 367 3328 Constitit
382 3277 418 3328 ad
429 3295 522 3330 ramos
538 3279 613 3330 mitis
627 3279 732 3330 Lucina
744 3279 877 3342 dolentes,

236 3342 421 3417 Admovitque
435 3364 542 3415 manus,
561 3355 588 3400 et
599 3348 684 3400 verba
696 3357 835 3419 puerpera
846 3348 922 3402 dixit
