2350 3834
134 221 177 283 60
396 222 428 276 Ρ.
451 221 606 285 OVIDII
628 217 820 275 NASONIS

203 367 375 435 Qixacunque
389 364 559 436 ingrederis3
578 365 688 418 olemor
700 364 843 431 iuvenilis,
862 375 960 420 etune

202 436 348 487 Femineae
360 452 457 500 voees,
474 434 595 503 impulsa
635 452 650 486 e
662 444 797 503 tympana
808 435 916 504 palmis,

133 503 169 560 30
203 506 383 573 Concavnque
397 522 462 556 aera
476 513 591 569 sonant,
620 521 750 574 ongoque
765 504 904 558 foramine
915 505 1013 561 husus.

202 575 318 624 Pacatus
334 574 479 642 mitisque,
496 582 598 643 rogent
610 574 774 635 Ismenides,
794 574 882 626 adsis:

203 646 332 711 iussaque
346 659 426 693 saera
440 643 545 694 colunt.
580 643 661 694 Solae
676 643 827 711 Minyeides
840 643 923 709 intus,

202 711 398 778 Intempestive
413 712 558 763 turbantes
572 712 645 763 festa
656 712 790 777 Minerva,

203 785 257 830 Aut
269 780 379 831 ducunt
385 781 477 846 lanas,
495 790 542 831 aut
554 783 673 832 stamina
687 781 790 850 polliee
803 789 924 846 versent,

132 849 167 904 85
203 853 256 900 Aut
267 848 383 900 haerent
394 849 482 916 telae,
501 849 677 919 famulasque
692 850 835 901 laboribus
849 859 961 920 urgent.
998 868 1000 877 ’

201 920 222 970 E
237 918 337 989 quibus
348 936 404 975 una
415 916 470 975 lehi
485 919 625 978 deducens
639 919 741 989 pollice
753 919 846 970 filum:

111 1034 116 1045 Ι
202 989 276 1038 Dum
290 997 397 1039 cessent
410 989 496 1052 eliae,
515 999 730 1058 commentaque
747 1005 826 1040 secra
838 987 1027 1058 frequentent,

149 1116 158 1125 ,
203 1059 258 1108 Nos
274 1074 402 1127 quoque,
421 1075 487 1127 quas
500 1059 605 1125 Palles,
623 1058 726 1110 melior
740 1058 808 1123 dea,
827 1057 947 1126 detinet,
965 1056 1067 1131 inquit,

202 1124 275 1177 Utile
289 1143 357 1194 opus
372 1145 506 1182 munuum
521 1130 600 1181 vario
617 1144 747 1181 sermone
759 1126 898 1180 levemus:
928 1127 931 1131 ’

133 1189 169 1247 40
202 1197 309 1267 Perque
323 1197 397 1248 vices
411 1196 532 1266 aliquid,
551 1197 627 1267 quod
637 1207 767 1264 tempora
781 1196 867 1266 longa
877 1193 968 1247 rideri

202 1266 264 1316 Non
278 1264 366 1328 sinat,
384 1266 413 1316 in
426 1266 552 1319 medium
565 1283 666 1319 vacuas
680 1265 834 1325 referamus
848 1264 884 1316 'ad
897 1280 987 1317 aures.

159 1376 162 1381 ⁴
203 1332 286 1384 Dicta
298 1334 433 1402 probant,
450 1338 628 1404 primamque
641 1335 738 1387 iubent
749 1350 865 1385 narrare
878 1350 998 1388 sorores.

202 1401 267 1464 Illa,
288 1403 354 1471 quid
368 1420 382 1454 e
395 1405 488 1454 inultis
502 1402 629 1471 referat,
638 1421 705 1455 nam
715 1403 837 1471 plurima
849 1410 941 1466 noret,
963 1448 965 1455 ,

204 1471 327 1540 Cogitat3
347 1481 375 1524 et
391 1472 475 1524 dubia
491 1482 546 1540 est,
565 1474 601 1525 de
615 1483 657 1535 te,
676 1471 844 1540 Babylonia,
862 1479 967 1540 narret,

133 1535 169 1594 45
203 1541 328 1606 Derceti,
347 1559 431 1660 cpiam
449 1558 529 1594 versa
540 1542 664 1613 squamis
678 1541 835 1593 velantibus
848 1549 924 1595 arttu

203 1613 305 1679 Stagna
317 1612 353 1661 Pa
365 1611 461 1662 nestini
473 1612 592 1665 eredunt
605 1611 758 1664 celebrasse
773 1611 882 1682 figure:

177 1676 182 1683 ‘
202 1682 245 1729 An
258 1679 347 1749 magis
358 1690 390 1732 ut
404 1682 501 1733 sumtis
515 1682 590 1733 illius
602 1681 661 1733 filia
673 1679 771 1749 pennis

203 1749 345 1800 Extremus
356 1749 425 1801 albis
437 1749 467 1800 in
483 1751 608 1803 turribus
626 1750 715 1821 egerit
729 1765 829 1801 annos:

203 1816 268 1868 Nais
283 1834 318 1868 en
332 1827 363 1869 ut
377 1827 476 1885 cantu,
495 1821 671 1890 nimiumque
684 1819 843 1887 potentibus
857 1816 960 1882 herbis,

134 1879 170 1936 50
204 1887 326 1938 verterit
335 1886 366 1955 in
377 1890 476 1941 tacitos
490 1889 622 1942 iuvenilia
636 1905 756 1957 corpore
769 1887 874 1956 piseess

203 1955 299 2007 Donec
313 1955 388 2009 idem
402 1976 481 2026 passa
496 1968 550 2012 est:
568 1976 619 2025 sn,
638 1974 709 2029 quas
722 1975 808 2026 poma
825 1956 890 2007 albe
900 1955 1021 2024 ferebat,

204 2026 241 2074 Ut
251 2041 326 2076 nunc
340 2028 421 2096 nigra
434 2029 508 2080 feret
521 2036 652 2081 contactu
667 2027 807 2097 sanguinis
820 2025 929 2078 esbon*
1037 2078 1042 2084 ,

203 2094 279 2144 llaec
291 2094 399 2162 placet,
416 2097 505 2164 hene,
524 2097 656 2223 ‹puoniem
668 2096 791 2166 vulgaris
808 2093 905 2146 fabule
919 2112 978 2147 non
991 2104 1043 2163 est,

202 2163 315 2214 Talibus
331 2181 393 2216 orsa
407 2167 514 2233 modis,
543 2184 597 2218 ane
610 2184 660 2218 sua
673 2166 721 2220 lile
739 2171 889 2235 sequentes
966 2202 968 2207 .

80 2225 169 2357 Ἀόὅ
236 2233 369 2298 Pyramus
382 2243 410 2286 et
419 2236 536 2300 Thisbe,
553 2236 687 2287 iuvenum
699 2233 884 2303 pulcerrimus
897 2232 978 2301 alter,

202 2299 311 2366 Altera,
330 2320 398 2371 quas
412 2305 511 2355 Oriens
523 2305 634 2370 hebuit,
652 2303 779 2372 praelate
791 2300 901 2371 puellis,

204 2370 351 2436 contiguas
362 2380 478 2424 tenuere
496 2373 612 2439 domos,
630 2374 678 2424 uhi
693 2372 796 2423 dicitur
807 2370 895 2423 altam

203 2439 354 2492 Coctilibus
366 2443 453 2493 muris
466 2443 581 2495 cinxisse
595 2441 753 2497 Semiramis
766 2441 877 2495 urbem.

182 2552 186 2557 ,
203 2507 353 2577 Notitiam,
370 2512 531 2581 primosque
544 2512 646 2583 gradus
656 2511 757 2563 vieinie
770 2510 852 2571 fecit3

134 2573 170 2628 60
202 2579 341 2647 Tempore
354 2581 442 2649 erevit
457 2598 552 2634 emor:
569 2580 670 2634 taedae
685 2597 796 2652 quoque
809 2579 870 2630 iure
884 2578 1021 2633 coissent:

184 2652 188 2663 ⁸
204 2646 258 2698 Sed
271 2656 385 2701 vetuere
398 2661 499 2720 patres.
535 2651 617 2714 Quod
630 2667 687 2702 non
700 2658 817 2718 potuere
829 2656 934 2713 vetere,

203 2717 242 2767 Ex
255 2733 345 2798 aequo
361 2719 447 2787 captis
459 2721 595 2785 ardebant
606 2720 747 2773 mentibus
759 2719 851 2771 ambo.

205 2786 335 2837 Conscius
348 2791 438 2841 omnis
450 2791 539 2842 abest:
556 2799 643 2853 nutu,
660 2788 799 2858 signisque
809 2787 974 2855 loquuntur.

205 2857 322 2924 Quoque
335 2859 423 2927 magis
437 2860 555 2929 tegitur,
572 2867 663 2911 tectus
674 2858 762 2927 magis
776 2865 883 2908 aestuet
896 2854 976 2926 iguis.

135 2920 169 2975 65
203 2923 293 2975 Fissus
307 2935 368 2977 erat
385 2929 462 2980 tenui
473 2929 561 2992 rima,
580 2945 665 2997 quem
676 2926 792 2978 duxerat
804 2924 882 2990 olim,

206 2994 275 3044 Cum
286 2994 380 3061 lieret,
398 2997 489 3065 peries
502 2997 601 3048 domui
615 2996 770 3048 eommunis
786 2994 907 3064 utrique.

205 3061 236 3113 Id
248 3063 345 3115 vitium
359 3065 430 3119 nulli
442 3084 493 3134 per
505 3066 616 3118 saecule
628 3066 713 3135 longe
726 3073 863 3128 notatum,

206 3132 280 3194 Quid
293 3150 349 3184 non
361 3136 444 3186 sentit
458 3135 554 3187 emor?
572 3135 658 3203 primi
672 3133 793 3186 sensistis
805 3142 939 3198 amentes,

204 3202 238 3253 Et
252 3203 315 3254 roei
326 3203 431 3255 fecistis
444 3205 510 3256 iterz
528 3213 663 3273 tutaeque
673 3220 732 3272 *per
743 3203 813 3256 illud

135 3270 171 3324 70
204 3271 348 3322 Murmure
360 3272 511 3325 blanditiae
524 3274 641 3325 minimo
655 3271 774 3324 transire
788 3270 924 3322 solebant.

206 3341 307 3408 Saepe,
325 3350 358 3393 ut
370 3343 564 3409 constiterant,
581 3343 648 3395 hinc
660 3341 775 3410 Thisbe,
792 3336 1029 3409 1111111111Μο,
