2350 3834
121 223 166 287 68·
387 220 419 276 P.
441 219 597 276 OVIDII
617 216 816 273 NASONIS

120 371 175 427 380
190 369 263 439 Ergo
275 367 324 419 uhi
338 383 368 419 se
380 366 516 436 liquidas,
536 380 592 434 quo
607 363 651 415 vir
664 364 862 429 descenderat,
880 360 970 420 undas

190 437 374 489 Semiruaram
384 437 483 489 fecisse
494 434 584 499 videt,
603 433 770 503 mollitaque
780 435 809 485 in
820 434 876 487 illis

176 506 332 568 ,Membra3
351 521 450 558 manus
462 504 594 569 tendens,
613 502 662 554 sed
675 503 733 554 iam
746 521 804 555 non
818 521 888 557 voce
900 505 986 574 virili,

188 575 441 643 Hermaphroditus
453 575 509 641 ait,
526 577 599 627 Nato
614 572 679 623 date
692 590 810 624 munera
824 583 926 640 restro,

188 647 223 696 Et
233 654 314 724 pater
328 654 356 696 et
390 645 511 707 enetrix,
528 643 678 694 amborum
688 659 793 694 nomeu
805 643 936 697 habenti:

119 716 171 774 385
190 714 318 783 Quisquis
329 714 360 765 in
370 663 424 766 bos
437 714 531 766 fontes
543 713 587 763 vir
600 711 723 778 venerit,
743 721 822 763 exeat
833 714 900 765 inde

188 783 320 850 Semivir,
339 792 368 835 et
380 784 464 835 tactis
478 782 570 834 subito
586 781 735 832 mollescat
748 782 778 831 in
792 782 882 834 undis.

187 855 279 903 Motus
290 862 411 922 uterque
422 869 523 920 parens
535 851 595 902 nati
608 859 669 901 rata
680 851 767 901 verba
779 851 910 903 biformia

188 923 281 984 Fecit,
300 931 329 973 et
343 922 453 974 incerto
467 922 577 973 iontem
592 919 779 971 medicamine
793 920 886 974 tinxit.

223 991 296 1042 Finis
310 1001 371 1043 erat
383 992 480 1051 dictis;
500 999 528 1042 ct
540 989 632 1040 adhuc
644 989 766 1057 Minyeia
778 990 872 1057 proles

120 1060 172 1116 390
188 1063 274 1130 Urget
287 1077 370 1128 opus,
387 1060 548 1130 spernitque
564 1058 664 1124 damn,
682 1059 843 1128 festumque
855 1059 1003 1128 profanat3

190 1131 334 1198 Tympana
348 1146 412 1182 curn
426 1130 518 1180 subito
532 1145 590 1179 non
605 1127 769 1195 apparentia
781 1130 874 1181 raucis

191 1199 377 1267 Obstrepuere
391 1200 479 1265 sonis,
499 1207 526 1249 ct
537 1198 647 1249 adunco
661 1198 730 1248 tibia
742 1215 841 1262 cornu,

186 1267 308 1319 Tinnula
328 1286 364 1320 ue
377 1285 443 1319 aera
455 1276 565 1319 sonant.
583 1266 721 1318 Redolent
727 1268 923 1337 myrrhaeque,
930 1265 1091 1337 crocique3

188 1339 297 1406 Resque
310 1287 369 1390 hue
382 1337 489 1400 maior,
508 1353 628 1404 coepere
641 1336 780 1387 virescere
789 1336 873 1403 telae,
950 1369 953 1375 -
982 1366 984 1387 ;

119 1406 171 1464 895
188 1409 275 1474 Inque
290 1407 411 1458 hederae
425 1405 529 1458 faciem
539 1406 662 1475 pendens
677 1405 857 1457 frondescere
870 1405 963 1458 vestis.

188 1477 253 1526 Pars
264 1476 323 1526 abit
337 1476 367 1526 in
379 1477 464 1527 vites:
487 1484 515 1526 et
529 1491 600 1544 quae
612 1475 698 1526 modo
711 1475 760 1526 fila
773 1475 898 1539 fuerint,

188 1544 305 1596 Palmite
318 1553 479 1597 mutantur:
498 1544 534 1595 de
546 1545 665 1595 stamine
679 1545 828 1612 pampinus
845 1544 914 1598 exit:

188 1615 315 1681 Purpura
327 1614 471 1685 fulgorem
483 1614 565 1682 pictis
581 1613 779 1665 accommodat
791 1614 860 1665 uvis.

189 1686 304 1752 Iamque
318 1684 376 1735 dies
392 1693 504 1736 exactus
518 1692 594 1749 erat,
612 1693 724 1750 tempus
745 1700 780 1735 ue
794 1684 914 1748 subibat,

119 1752 172 1808 400
190 1754 271 1815 Quod
285 1761 384 1804 tunae
397 1753 543 1818 tenebras,
561 1769 616 1804 nec
627 1752 713 1820 possis
726 1701 821 1804 dicere
832 1753 941 1818 lucem3

123 1840 125 1843 ¹
189 1822 243 1873 Sed
256 1839 321 1872 curn
336 1822 400 1874 luce
412 1831 509 1874 tamen
522 1822 623 1873 dubiae
636 1821 758 1872 confinia
770 1822 871 1874 noctis.

189 1892 276 1942 Tecta
291 1900 407 1960 repente
420 1891 515 1961 quati,
533 1891 705 1961 pinguesque
719 1891 818 1943 ardere
830 1890 962 1942 videntur

188 1960 358 2028 Lampades,
377 1970 405 2013 et
417 1961 510 2012 rutilis
524 1961 666 2012 collucere
680 1959 791 2029 ignibus
804 1960 897 2025 aedes,

187 2029 266 2080 Falsa
308 2046 480 2091 esaerarum
492 2029 643 2081 simulacra
657 2029 766 2081 ululare
780 2029 916 2083 ferarum.

119 2099 170 2154 405
187 2047 306 2150 tumidi
315 2099 478 2151 iamdudum
490 2099 604 2151 latitant
613 2115 664 2166 per
679 2107 756 2150 tecta
768 2115 887 2166 sorores,

170 2194 173 2199 ·
187 2168 374 2238 Diversaeque
389 2168 459 2221 loeis
475 2169 553 2239 ignes
568 2185 602 2220 ac
615 2168 723 2220 lumina
736 2168 834 2220 vitant.
966 2230 970 2237 Α

186 2237 319 2306 Dumque·
328 2248 429 2306 petunt
441 2238 580 2298 latebras;
598 2254 698 2305 parvos
712 2238 876 2289 membrana
888 2251 941 2305 per
953 2243 1034 2289 artus

187 2307 358 2376 Porrigitur,
375 2308 510 2376 tenuique
523 2307 633 2358 inducit
646 2306 763 2358 brachia
778 2323 880 2375 penna.

188 2377 261 2441 Nec,
281 2393 336 2456 qua
348 2376 522 2445 perdiderint
533 2385 658 2428 veterem
671 2377 780 2427 ratione
793 2376 924 2446 figuram,

119 2444 173 2501 410
189 2445 266 2496 Scire
278 2454 373 2497 sinunt
385 2447 526 2499 tenebrae.
551 2448 614 2497 Non
625 2444 687 2496 illas
698 2445 797 2513 pluma
807 2445 926 2498 levavit:

189 2515 349 2567 Sustinuere
363 2524 458 2566 tamen
474 2533 503 2567 se
518 2515 728 2584 perlucentibus
743 2514 802 2567 alis.

190 2584 366 2654 Conataeque
379 2584 472 2654 loqui,
488 2585 636 2636 minimam
647 2594 702 2653 'pro
719 2599 838 2652 corpore
852 2596 953 2636 vocem

187 2652 338 2721 Emittunt,
355 2663 549 2725 peraguntque
562 2654 618 2706 leri
630 2652 749 2705 stridore
763 2652 899 2721 querelas.

136 2722 139 2731 “
187 2722 347 2792 Tectaque,
366 2741 423 2775 non
438 2724 536 2791 silvas,
555 2724 712 2775 celebrant:
729 2723 880 2791 lucemque
894 2736 1015 2789 perosae

121 2788 174 2845 415
191 2792 281 2842 Nocte
295 2792 406 2845 volant:
422 2809 541 2862 seroque
553 2793 670 2844 trahunt
682 2808 699 2843 a
710 2806 825 2860 vespere
838 2806 952 2846 nomeu.

52 2868 58 2875 '
133 2874 177 2913 ν
222 2862 295 2912 Turn
306 2878 372 2913 vero
386 2863 452 2913 totis
466 2862 566 2915 Bacchi
580 2861 766 2914 memorabile
777 2860 881 2920 Thebis

148 2922 153 2929 ’
189 2929 300 2981 Numen
316 2940 390 2995 erat3
407 2948 580 3012 magnasque
595 2931 661 2983 novi
675 2939 830 2983 matertera
842 2930 915 2981 vires

189 3000 292 3050 Narrat
304 3000 408 3070 ubique
423 3001 483 3053 der:
502 3001 536 3053 de
549 3009 649 3069 totque
661 3000 804 3051 sororibus
818 3013 916 3068 expers

134 3070 138 3079 “
187 3070 250 3118 Una
263 3068 367 3121 doloris
380 3079 454 3133 erat,
472 3071 526 3121 nisi
538 3086 624 3138 quem
638 3069 732 3121 fecere
746 3085 865 3121 sorores.

119 3134 173 3193 420
188 3136 242 3187 hds
263 3138 312 3189 icit
324 3139 397 3191 hanc
408 3140 494 3204 natis,
511 3139 694 3208 thalamoque
705 3136 879 3190 Athamantis
893 3135 1052 3194 habentem

190 3154 326 3258 Subiimes
340 3209 461 3275 animos,
481 3217 510 3261 et
520 3209 635 3260 alumno
648 3207 780 3273 numine,
796 3211 882 3273 Iun03

189 3276 248 3326 Nec
260 3276 338 3327 tulit:
357 3286 386 3329 et
395 3294 507 3343 secum,
524 3277 618 3330 Potuit
633 3278 668 3329 de
680 3276 784 3346 pellice
797 3284 879 3328 natus

188 3344 304 3398 Vertere
315 3347 471 3416 Maeonios,
488 3342 646 3419 pelagoque
659 3348 846 3418 immergere,
862 3353 972 3414 nautas,
