2350 3834
105 245 198 309 126·
372 236 403 291 r.
426 209 787 297 ov1n11uasours
849 284 852 288 .

166 393 203 442 *In
215 383 326 456 Superis
338 383 397 453 opis
409 399 469 437 esse
479 383 557 438 nihil.
583 388 618 437 At
627 386 659 438 in
671 385 787 458 aedibus
797 385 896 458 ingens

102 463 153 521 645
170 463 299 512 Murmur
313 463 389 506 erat:
407 471 545 524 socerque
559 454 709 508 hominum
721 456 852 518 exaudire
868 454 993 523 videbar,

171 532 233 582 lam
242 525 311 577 mihi
323 523 457 576 desuetas.
491 528 564 577 Dum
574 526 702 594 suspicor
712 525 762 577 has
775 529 889 596 quoque
900 526 1012 589 somui3

169 598 255 650 Ecce!
272 594 350 647 venit
362 592 497 645 Telamon
509 612 527 663 p
582 611 660 647 crus:
677 595 841 675 foribusque
854 594 979 662 reclusis,

172 663 420 735 Spequefidcque‚
438 671 541 744 pater,
570 663 632 731 ixit,
650 664 758 747 maiora
771 664 885 745 videbis.
922 733 927 738 η

101 809 155 865 ,⁵0
169 734 343 881 irrisit,
354 732 849 869 new
860 733 952 879 Ψ
967 815 968 820 ψ

171 873 316 941 Adspicio,
334 888 350 922 a
370 887 521 950 nosceque.
556 871 674 940 Adeunt,
686 885 838 942 regemque
850 870 983 927 salutant.

170 946 242 996 Vota
254 941 312 993 lovi
323 888 414 1004 solvo,
431 940 598 1010 populisque
608 942 768 993 recentibus
780 941 882 993 urbana

170 1012 294 1074 Partior,
313 1018 341 1061 et
351 1026 454 1062 vacuos
463 1012 561 1079 priscis
574 1009 730 1062 cultoribus
743 1025 840 1080 egros3
937 1025 938 1030 ¹

170 1080 415 1150 Myrmidonasque
426 1096 511 1145 voco,
522 1097 577 1131 nec
592 1079 699 1150 origine
714 1079 830 1131 nomina
843 1078 955 1132 fraudo.

101 1154 153 1211 655
172 1153 296 1219 Corpora
307 1148 407 1200 vidisti.
442 1151 548 1213 liores,
566 1164 637 1217 quos
650 1158 716 1204 autc
726 1148 874 1219 gerelsaut,¹

169 1223 252 1274 Nune
268 1233 380 1288 quoque
397 1217 517 1284 hahent3
541 1233 832 1338 permmquelqunus,
848 1218 1014 1292 patiensque

154 1296 157 1304 ,
222 1295 224 1299 ,
791 1303 867 1354 Μ,

170 1355 350 1423 Quaesitique
363 1363 461 1421 tenax,
478 1362 507 1406 et
517 1354 565 1424 qni
577 1354 703 1425 quaesita
712 1364 863 1408 reservent.

171 1425 208 1478 lii
221 1434 250 1477 te
262 1423 298 1476 ad
309 1424 399 1491 bella,
416 1437 498 1492 pares
509 1424 591 1475 'annis
603 1424 772 1506 animisque,
790 1433 953 1494 sequentur,

171 1496 240 1546 Cum
252 1493 390 1563 primum,
406 1492 453 1561 qui
465 1501 494 1544 te
504 1493 626 1545 feliciter
639 1492 747 1560 attulit,
768 1496 862 1560 Eurus,
924 1491 927 1498 ’

101 1568 156 1623 660
171 1566 260 1616 Eurus
275 1563 351 1614 enim
361 1561 506 1622 attulerat,
524 1561 613 1614 fuerit
623 1571 746 1614 mutatus
757 1562 787 1615 in
800 1566 923 1618 Austros.

205 1631 317 1684 Talibus
329 1640 415 1701 atque
424 1630 486 1683 aliis
499 1632 617 1702 longum
627 1631 802 1684 sermonibus
814 1631 856 1683 illi

171 1701 328 1771 implevere
340 1700 424 1753 diem.
459 1700 541 1753 Lucis
553 1717 617 1770 para
630 1701 730 1753 ultima
739 1717 855 1753 mensae

170 1775 217 1824 Est
231 1771 310 1837 data,
329 1788 384 1822 nor
395 1771 507 1825 somnis.
543 1771 627 1821 iubar
637 1786 738 1822 aureus
749 1769 887 1822 extulerat
896 1769 959 1837 s01;

171 1841 270 1893 Flebat
283 1839 376 1892 adhuc
388 1842 490 1903 Eurus,
508 1838 689 1921 redituraque
700 1839 762 1891 vcia
773 1839 896 1896 tenebat.

103 1912 156 1968 666
173 1909 216 1962 Ad
229 1908 379 1977 Cephalum
390 1908 513 1960 Pallante
526 1908 593 1971 sati,
612 1922 657 1960 cui
668 1907 805 1979 grandior
812 1916 898 1977 aetas,

173 1977 215 2030 Ad
227 1994 324 2049 regem
339 1977 491 2046 Cephalus,
509 1976 593 2028 simul
605 1984 634 2029 et
648 1977 774 2030 Pallante
787 1978 875 2030 creati

174 2048 354 2100 Conveniunt.
389 2047 442 2098 Sed
455 2046 548 2099 adhuc
556 2062 656 2116 regem
668 2062 754 2115 sopor
765 2046 837 2114 altus
850 2046 982 2102 habebar.

172 2116 282 2185 Excipit
295 2115 427 2168 Aeacides
439 2115 503 2167 illos
512 2115 542 2167 iu
554 2115 651 2167 limine
663 2115 786 2178 Phocum
1024 2127 1027 2136 ’

173 2188 247 2238 Nam
258 2184 408 2248 Telamon,
427 2184 585 2263 fraterque,
602 2186 677 2236 viros
690 2184 726 2236 ad
738 2182 814 2236 bella
827 2182 971 2255 legelunt.

104 2254 158 2311 670
172 2254 280 2306 Phocus
292 2255 321 2304 in
333 2253 451 2305 interius
461 2262 581 2322 spatium
593 2253 762 2334 pulei-osque
773 2269 898 2306 recessus

124 2371 126 2374 ,
176 2322 342 2391 Cecropidas
356 2322 448 2374 ducit:
465 2339 532 2374 cum
547 2326 608 2392 quis
619 2323 702 2378 siaul
714 2335 774 2391 ipse
786 2322 898 2375 resedit.

174 2391 297 2461 Adspicit
310 2390 444 2443 Aeoliden
458 2392 556 2462 ignota
571 2408 605 2443 cr
618 2387 720 2444 arbore
733 2391 842 2444 saetam

175 2464 260 2515 Ferre
274 2478 360 2513 manu
371 2460 509 2526 iaculum,
527 2460 606 2513 cuius
621 2460 676 2512 fuit
689 2478 774 2513 aurea
785 2461 887 2529 cuspis.

115 2571 118 2574 ·
174 2533 267 2583 Pauca
277 2532 354 2599 prius
366 2529 465 2581 mediis
474 2527 648 2582 sermonibus
659 2529 707 2583 ille
720 2529 839 2594 locutas,

107 2602 159 2658 676
177 2603 244 2652 Suus
257 2616 407 2651 nemorum
421 2600 573 2665 studiosus,
592 2599 645 2664 ait,
662 2598 809 2669 caedisque
823 2599 946 2664 ies-inse3

177 2673 239 2732 Qua
251 2677 346 2720 tamen
361 2685 376 2720 e
389 2668 459 2720 silve
471 2678 567 2721 teneas
579 2667 679 2720 hastile
689 2669 820 2721 recisum.

176 2736 343 2789 Iamdudum
355 2737 468 2790 dubito:
484 2747 575 2801 certe,
593 2738 616 2789 si
629 2737 752 2789 fraxinus
761 2745 845 2798 esset,

177 2806 264 2859 Fulva
276 2806 372 2858 colore
385 2807 474 2870 ioret3
491 2807 515 2859 si
530 2815 646 2873 cornua,
664 2806 754 2858 nodus
765 2806 875 2860 inesset.

177 2874 257 2927 Unde
267 2874 304 2926 sit
313 2874 428 2945 ignom
444 2875 493 2926 sed
503 2892 560 2936 non
573 2874 722 2928 formosius
733 2874 786 2927 isto

109 2946 162 3002 680
175 2944 313 2996 Viderunt
325 2944 401 2995 ocsdi
415 2943 504 2996 telum
519 2944 668 2997 iaculabile
681 2944 778 2997 nostri.

88 3023 93 3028 ‘
139 3042 141 3045 >
178 3012 287 3081 Excipit
299 3014 407 3065 Actaeis
419 3029 435 3065 e
446 3012 580 3066 fratribus
595 3014 683 3079 alter,
701 3020 745 3078 ct,
764 3016 849 3065 Usum
942 3045 945 3050 <

178 3084 313 3134 Maiorem
327 3082 424 3151 specie·
432 3081 585 3149 rnechte,
603 3082 688 3147 dixit,
709 3081 741 3133 in
752 3082 813 3134 istc.

180 3151 377 3219 Consequitur,
393 3150 581 3221 quodcunque
593 3151 680 3219 petits
697 3153 875 3221 Fortunaque
888 3148 1004 3202 emaum

179 3221 243 3271 Ilien
257 3220 349 3289 regit3
367 3227 397 3271 et
411 3219 532 3281 revolat,
549 3219 628 3271 nullo
642 3218 798 3283 referente,
815 3227 976 3271 cruentans.
1003 3263 1007 3269 ,

111 3287 163 3345 686
179 3289 252 3340 'lum
264 3304 330 3339 vero
343 3287 450 3339 iuvenis
461 3291 577 3339 Nereius
590 3289 685 3340 omnia
695 3288 819 3357 φανήῃ

180 3358 235 3409 cur
246 3355 297 3420 sit,
315 3364 344 3406 et
356 3354 431 3406 unde
445 3355 556 3422 datum
574 3358 635 3426 qsu'a
646 3358 722 3409 tanti
733 3356 856 3408 nusnaris
871 3363 979 3407 metor.
1005 3367 1012 3382 ¹

181 3427 259 3489 Quae
273 3424 360 3493 petit,
375 3417 425 3476 ille
435 3425 539 3495 refert,
555 3425 621 3493 sed,
639 3442 711 3498 quae
723 3442 841 3480 narrare
852 3424 954 3495 pudori
966 3429 1016 3490 ast,
