2350 3834
154 204 197 267 86
379 240 382 249 2
411 204 442 260 P.
465 205 621 261 0v1u11
648 203 849 263 NASONIS

183 348 198 377 '³
223 354 347 421 Corpora
359 349 518 404 debebunt:
535 351 642 404 animas
656 350 709 405 tibi
721 351 840 406 reddere
855 350 981 408 edemus

153 421 206 479 640
221 424 273 474 Fas
287 421 354 473 erit:
373 420 458 491 idque
470 423 558 474 semel
572 421 614 473 dts
628 421 836 492 indignantibus
848 439 938 491 ausus,
973 446 978 462 ·

222 493 304 543 Posse
317 489 384 543 dare
396 490 452 543 hoc
464 490 567 543 itenun
581 491 697 543 flamma
708 491 895 559 prohibebere
910 492 998 549 avius

221 562 299 630 Eque
313 558 365 612 deo
378 577 479 630 corpus
490 560 542 612 lies
555 576 707 630 exsangue:
726 560 859 631 deusque,

224 629 279 692 Qui
290 628 375 682 modo
391 646 492 700 corpus
504 646 580 682 eras:
598 638 626 682 et
636 628 679 681 bis
689 637 740 681 tua
751 629 812 681 fata
828 630 952 686 novabis.

221 699 265 751 Tu
278 714 398 768 quoque,
417 708 585 768 cumpater,
601 714 659 751 non
673 700 731 750 iam
743 698 879 768 mortalis,
897 709 928 753 ot
940 701 1016 756 aevu

152 767 206 825 650
223 767 356 820 Omnibus
369 776 402 821 ut
415 782 538 834 maneas,
554 768 688 821 nascendi
702 767 766 839 lege
778 777 903 835 creauts3

149 879 151 888 .
221 838 304 891 Posse
316 838 390 891 mori
402 839 496 910 cupies
508 847 580 906 tum,
598 846 664 890 cum
676 838 841 890 cruciabere
851 838 930 893 dirae

222 907 362 979 Sanguine
373 909 518 979 serpentis,
534 925 587 978 per
597 908 694 960 saucia
704 908 833 960 membra
845 916 978 980 recepto:

221 977 317 1047 Teque
333 992 367 1030 ex
379 987 494 1032 aeterno
508 977 664 1048 patientem
673 977 790 1029 numina
802 978 902 1029 mortis

191 1058 194 1073 ¹
221 1045 359 1111 Efficieut,
377 1048 558 1118 triplicesque
570 1047 639 1099 deae
651 1055 702 1098 tua
715 1046 764 1100 fila
775 1040 925 1103 resolveni.

152 1113 207 1174 655
223 1116 355 1169 Restabat
368 1117 433 1170 fatis
447 1116 569 1187 aliquid:
586 1117 705 1185 suspirat
717 1117 753 1168 ab
767 1117 830 1168 imis
871 1148 873 1153 .
889 1132 894 1137 ·
952 1160 954 1165 .

221 1185 393 1254 Pectoribus,
409 1187 601 1255 lacrimaeque
612 1186 691 1256 genis
702 1184 838 1238 labuntur
850 1186 980 1240 obuncet

221 1259 312 1325 Atque
322 1254 371 1321 ita,
388 1258 580 1322 Praevertunt,
597 1254 699 1324 inquit,
716 1270 763 1307 me
776 1255 851 1319 fata3
868 1264 1014 1326 vetorque*
1096 1264 1098 1269 ⁴

221 1322 306 1376 Plura
315 1323 403 1394 loqui,
417 1327 550 1395 vocisque
561 1340 642 1376 meae
655 1323 846 1392 praecluditur
858 1340 934 1379 usus.

221 1394 286 1446 Non
301 1392 414 1447 fuerant
426 1402 499 1447 artes
510 1393 592 1459 tanti,
610 1402 682 1463 quae
693 1393 815 1445 numinis
826 1393 900 1446 iram

152 1460 206 1518 660
221 1464 390 1517 Contraxere
402 1463 486 1528 mihi3
503 1462 620 1515 mallem
635 1462 757 1514 nescisse
768 1462 874 1516 futura.

222 1534 282 1585 Iam
295 1532 365 1586 mihi
379 1533 496 1585 subduci
506 1532 594 1585 facies
604 1533 728 1584 humana
740 1532 866 1584 videtur:

221 1605 283 1655 lam
295 1603 373 1656 ‘cibus
387 1603 476 1655 herba
487 1603 596 1671 placete
614 1602 672 1653 iam
682 1601 747 1652 latis
761 1616 877 1654 currere
890 1602 996 1672 campis

181 1730 184 1733 ,
221 1674 344 1742 Impetus
356 1681 410 1724 est:
428 1672 580 1742 inaquam,
595 1678 775 1791 cognataque
787 1684 908 1741 corpora
918 1680 1026 1728 vertor.

178 1732 399 1795 'Totatamen
413 1741 520 1812 quare?
535 1748 617 1811 pater
630 1749 672 1792 est
684 1740 723 1791 ini
744 1741 869 1809 inempe
884 1741 1024 1799 bifonuis.
1097 1816 1100 1822 .
1169 1740 1170 1761 ¹

133 1868 135 1871 ,
153 1807 206 1883 666
221 1810 300 1864 Talia
312 1810 416 1864 dicenti
424 1828 489 1880 pars
503 1819 544 1864 est
558 1818 683 1862 extrema
699 1809 830 1880 querelae

223 1880 369 1934 Intellecta
380 1897 489 1951 parum,
508 1879 682 1948 confusaque
693 1880 779 1931 verba
791 1879 882 1932 fuero.

222 1951 288 2004 Mox
298 1967 352 2004 nec
364 1950 451 2004 verba
464 1950 587 2021 quidem,
604 1965 658 2000 uec
673 1964 761 2019 equae
773 1965 857 2000 sonus
865 1948 916 2001 ille
926 1947 1049 2020 videtur,
1089 1948 1093 1957 “

215 2018 278 2072 'Sed
292 2020 447 2073 simulantis
461 2036 577 2090 equam:
596 2035 740 2087 parvoque
753 2018 784 2069 in
797 2026 928 2087 tempore
944 2028 1040 2074 certos

78 2138 84 2153 x
187 2088 314 2142 ·Edidit
324 2089 458 2156 hinnitus,
476 2097 504 2142 et
516 2087 633 2141 brachia
647 2088 772 2140 mot-itin
785 2087 896 2142 herbas.
968 2116 970 2119 v

153 2154 208 2214 670
220 2159 293 2211 Tum
304 2158 386 2232 digiti
396 2161 509 2225 co'e‘unt,
528 2167 557 2210 et
571 2157 671 2228 quinos
682 2156 779 2228 alligat
791 2170 900 2228 ungues
1004 2168 1008 2175 ’

221 2224 360 2298 Perpetuo
375 2244 466 2281 comu
478 2227 547 2280 levis
558 2226 677 2298 ungula:
696 2227 797 2279 crescit
809 2235 837 2279 et
849 2227 917 2295 oris,

222 2299 259 2351 Et
272 2297 338 2350 colli
348 2298 482 2368 spatium:
499 2297 602 2378 longae
612 2311 678 2365 pars
688 2296 811 2349 maxima
827 2294 921 2365 pallae

223 2366 317 2420 cauda
327 2366 368 2420 iit.
392 2370 485 2436 thue
498 2383 562 2437 vagi
575 2367 666 2418 crines
680 2382 733 2435 per
745 2365 820 2419 colla
832 2366 972 2434 iacebant,

222 2439 254 2488 ln
266 2435 377 2489 dextras
389 2436 483 2488 abiere
497 2435 591 2487 iubas:
608 2434 769 2505 pariterque
784 2444 887 2488 novata
900 2444 943 2488 est

103 2542 117 2559 2
154 2503 206 2561 676
222 2507 257 2559 Et
268 2523 330 2568 vox,
348 2514 377 2559 et
387 2504 489 2558 facies:
507 2521 613 2557 nomen
665 2520 738 2574 oque
753 2513 879 2556 monstra
892 2504 1004 2559 dedere.

258 2574 364 2637 Flebat,
378 2591 518 2645 opemque
533 2582 614 2626 tuam
685 2583 730 2626 tra
741 2573 895 2643 Philyreius
906 2573 1000 2643 heros,
1048 2592 1052 2598 ·
1069 2584 1072 2589 “

222 2643 365 2714 Delphice,
380 2645 531 2715 poscebat3
547 2655 616 2696 nam
628 2660 682 2696 nec
694 2641 854 2696 rescindere
865 2643 963 2715 magni

222 2716 298 2768 Iussa
309 2713 381 2767 Iovis
394 2710 517 2782 poteras,
534 2730 597 2779 nec,
615 2714 638 2765 si
651 2712 810 2765 rescindere
822 2716 926 2781 posses,

222 2784 302 2836 Tunc
317 2782 422 2838 aderas.
445 2783 509 2835 Elin
521 2782 711 2851 Messeniaque
722 2798 788 2834 arva
801 2780 922 2836 colebas.

155 2850 210 2911 680
226 2852 300 2905 Illud
311 2860 374 2907 erat
388 2861 508 2923 tempus,
566 2868 582 2904 o
598 2860 628 2904 te
641 2852 764 2921 pastoria
774 2851 855 2921 pellis

223 2922 310 2987 Texit‚
328 2938 453 2992 onusque
464 2921 520 2974 fuit
552 2930 646 2974 extrae
656 2921 788 2973 silvestris
801 2918 883 2986 oliva,

223 2991 343 3047 Alterius
363 2990 456 3061 dispar
467 2991 588 3060 septenis
599 2990 694 3043 fistula
708 2990 812 3043 cannis.

179 3112 183 3119 ,
223 3062 352 3130 Dumque
364 3078 445 3114 amor
457 3069 500 3113 est
509 3076 602 3126 curae,
620 3059 688 3112 dum
699 3068 728 3113 te
741 3061 789 3111 tua
798 3057 892 3111 fistida
902 3057 1020 3130 mulcet,

223 3129 410 3183 incustoditae
425 3129 515 3200 Pylios
527 3138 722 3183 memorantur
730 3129 762 3180 in
775 3144 858 3200 agros
1082 3128 1084 3133 “

155 3192 208 3257 686
221 3199 387 3255 Processisse
396 3199 490 3253 hoves.
514 3199 598 3253 Videt
614 3199 663 3251 has
675 3197 814 3253 Atlantide
826 3196 900 3250 Maia

224 3270 321 3334 Natus,
337 3276 366 3322 et
376 3276 437 3343 arte
451 3284 500 3321 sua
513 3268 587 3320 silvis
599 3269 723 3321 occultat
737 3268 857 3322 abactas.

224 3340 355 3394 senserat
366 3337 423 3393 hoc
435 3337 547 3395 furum
558 3354 652 3403 nemo,
668 3338 723 3391 nisi
735 3345 819 3391 notus
830 3337 862 3391 iu
872 3333 924 3389 illo
