2350 3834
124 205 166 265 22
387 205 419 257 P.
441 203 591 259 OVIDIl
610 199 811 257 NASONIS
875 280 877 289 ⁴

192 349 289 401 Stabat
299 348 373 401 nuda
386 351 495 414 Aestas,
515 356 543 401 et
556 347 650 417 spicea
662 354 737 401 serta
751 347 882 418 gerebat:

192 419 290 470 Stabat
303 427 331 468 et
342 425 510 483 Autumnus,
530 418 643 470 calcatis
658 417 784 470 sordidus
800 418 876 470 uvis:

124 489 160 542 30
192 490 227 538 Et
239 486 363 557 glacialis
373 488 485 553 Hiems,
505 504 589 538 canos
600 488 708 538 hirsuta
720 485 843 554 capillos.

192 556 260 608 Inde
272 555 336 609 loco
349 555 471 622 medius,
488 572 586 625 rerum
599 556 721 607 novitate
734 563 884 624 paventem

193 624 241 686 Sol
255 624 342 676 oculis
355 624 498 690 iuvenem,
518 625 618 695 quibus
632 625 750 692 adspicit
761 624 872 689 omnia,
889 621 974 676 vidit:

193 697 325 763 Quaeque
336 695 397 746 viee
410 693 463 745 tibi
475 695 577 746 eausa?
596 694 663 762 quid
678 694 747 758 hac,
766 695 819 759 ait,
839 709 905 745 arce
918 693 1021 762 petisti,

193 763 352 833 Progenies,
368 761 525 827 Phaethon,
543 763 619 815 haud
632 762 777 814 infitianda
790 761 919 831 parenti?

54 858 57 865 ·
124 833 159 888 35
194 831 245 882 ssle
258 831 361 884 refert:
384 834 421 885 Ol
438 831 487 883 lux
497 828 629 887 inmensi
644 831 756 900 publice
769 829 878 897 amnui,

192 901 304 952 Phoebe
318 909 413 969 pater,
431 901 454 952 si
466 900 513 954 das
526 900 608 954 huius
621 901 691 953 mihi
705 901 826 953 nominis
841 917 932 968 usum,

193 972 253 1022 Nec
265 969 340 1021 falsa·
346 970 478 1039 Clymene
491 972 605 1041 culpam
618 971 669 1023 sab
684 966 811 1042 imagine
821 970 907 1031 celat3

193 1038 314 1109 Pignora
328 1036 378 1107 da,
398 1040 593 1110 genitor,«per
607 1056 679 1109 quae
690 1049 743 1092 tua
756 1057 823 1091 vera
834 1055 962 1109 propago

194 1107 313 1174 credar,
331 1117 360 1161 et
370 1109 445 1161 hunc
458 1110 558 1161 animis
568 1127 694 1162 errorem
707 1109 822 1162 detrahe
834 1108 945 1161 nostris.

123 1175 159 1232 40
192 1176 313 1230 Dixerat.
347 1181 383 1228 At
400 1179 511 1248 genitor
526 1179 635 1232 ciroum
649 1187 734 1248 caput
748 1193 831 1230 omne
845 1177 981 1230 micantes

191 1244 326 1314 Deposuit
336 1245 446 1310 radios,
464 1248 634 1317 propiusque
646 1246 782 1299 accedere
794 1246 886 1297 iussit:

194 1314 384 1383 Amplexuque
398 1315 480 1378 dato,
498 1319 557 1364 Nec
571 1326 602 1363 tu
616 1333 694 1368 meus
708 1332 766 1367 esse
779 1315 878 1382 negari

195 1381 300 1452 Dignus
317 1398 359 1447 es,
380 1390 408 1432 et
421 1383 551 1449 Clymene
565 1397 661 1445 veros,
679 1380 733 1447 ait,
753 1379 840 1433 edidit
852 1388 938 1435 ortus.

196 1454 313 1519 Quoque
327 1450 419 1502 minus
431 1449 554 1515 dubites,
574 1449 690 1519 quodvis
703 1458 766 1519 pete
779 1467 894 1502 munust
912 1450 1036 1521 utillud,

124 1520 160 1580 45
193 1521 239 1571 Me
251 1519 408 1585 tribuente,
427 1518 510 1572 feras.
540 1519 685 1571 Promissis
697 1519 775 1571 testis
789 1518 884 1573 adesto

194 1590 243 1639 Dis
253 1588 371 1645 iuranda
385 1588 479 1656 palus,
497 1588 584 1645 (suadis
599 1589 743 1657 incognita
755 1588 868 1643 nostris,

194 1657 246 1709 Vix
257 1657 329 1709 bene
341 1657 472 1709 desierat:
492 1674 591 1711 eunus
603 1667 685 1728 rogat
697 1657 746 1710 ille
759 1667 900 1726 paternos,

194 1730 282 1795 Inque
298 1725 372 1777 diem
387 1726 527 1794 alipedum
543 1727 584 1778 ius
601 1735 630 1778 et
643 1726 827 1779 moderamen
838 1743 985 1795 equorum.
1076 1785 1079 1791 ,
1166 1776 1172 1789 ἢ

194 1794 334 1847 Paenituit
346 1794 450 1847 iurasse
464 1804 590 1864 patrem,
609 1795 658 1864 qui
668 1804 767 1865 terque
778 1804 936 1866 quaterque

124 1868 160 1922 50
195 1864 359 1916 Concutiens
372 1864 480 1921 illustre
494 1873 593 1933 caput,
611 1866 786 1930 Temeraria,
806 1865 882 1930 dixit,

194 1937 260 1989 Vox'
268 1949 332 1985 mea
342 1932 419 1985 facta
429 1941 478 1986 tua
492 1942 541 1987 est.
575 1934 690 1987 Utinam
705 1934 843 2002 promissa
855 1933 955 1986 liceret

193 2004 258 2057 Non
272 2002 355 2054 dare!
374 2002 527 2065 confiteor,
545 2002 639 2055 solum
652 2003 708 2057 hoc
720 2003 787 2068 tibi,
804 2011 885 2069 nate,
901 2020 1046 2075 negarem.

193 2071 358 2131 Dissuadere
371 2070 445 2127 licet.
473 2074 537 2127 Non
546 2081 591 2125 est
604 2080 727 2125 tuatuta
740 2073 878 2124 voluntas.
1068 2096 1069 2099 ¹

195 2143 296 2211 Magna
309 2139 396 2209 petis,
414 2141 570 2207 Phaethon,
591 2150 619 2193 et
634 2159 704 2211 quae
719 2159 772 2193 nec
785 2140 879 2193 virihls
889 2140 947 2197 istis

126 2210 160 2265 55
195 2212 313 2262 Munera
328 2209 508 2275 conveniant,
526 2228 579 2267 nec
594 2220 654 2262 tam
666 2210 818 2279 puerilibus
831 2209 920 2263 annis.

195 2281 261 2330 Sors
272 2286 321 2329 tua
333 2278 475 2343 mortalis,
492 2298 550 2333 non
562 2289 605 2332 est
615 2279 752 2344 mortale,
770 2277 846 2347 quod
858 2286 947 2345 optas.

196 2347 260 2398 Plus
274 2347 374 2414 etiarn,
393 2345 566 2418 quern'quod
581 2348 691 2416 Superis
706 2349 868 2416 contingere
881 2346 923 2399 fas
938 2349 983 2414 sit,

195 2416 312 2469 Nescius
324 2416 446 2471 allectas.
477 2419 589 2470 Placeat
601 2418 654 2470 sihi
666 2417 780 2486 quisque
792 2415 904 2481 licebit3

194 2487 260 2537 Non
270 2493 367 2537 tamen
379 2486 498 2556 ignifero
532 2488 659 2556 uisurum
674 2485 825 2539 consistere
837 2485 867 2536 in
879 2503 932 2538 axe

126 2553 162 2608 60
195 2556 240 2606 Me
253 2553 329 2606 valet
341 2564 468 2623 excepto.
527 2556 580 2608 asti
591 2572 703 2626 quoque
716 2562 811 2607 rector
824 2554 946 2625 Olympi,
1029 2576 1032 2582 ’

195 2623 250 2685 Qui
262 2622 324 2680 fera
337 2623 460 2679 terribili
471 2624 609 2679 iaculatur
621 2625 742 2677 fulmina
755 2623 860 2685 dextra,

99 2704 101 2709 '
195 2693 259 2744 Non
271 2700 336 2761 agat
347 2693 398 2745 hos
414 2710 527 2749 currus:
547 2703 575 2747 et
588 2695 656 2764 quid
670 2698 735 2747 Iove
748 2694 838 2746 maius
850 2691 1006 2744 habemus?

196 2760 290 2812 Ardua
303 2760 394 2829 prima
406 2762 451 2815 via
462 2771 512 2827 est,
530 2771 559 2815 et
571 2782 627 2833 qua
638 2764 684 2815 vix
697 2780 780 2817 mene
793 2771 920 2815 recantes

195 2829 342 2881 Enitantur
355 2831 434 2902 equi:
451 2831 545 2884 medio
559 2841 601 2884 est
614 2832 747 2884 altissima
759 2830 850 2896 coelo,

127 2898 162 2953 65
196 2898 276 2950 Unde
289 2916 368 2952 mare
382 2909 410 2951 et
421 2908 511 2953 terras
524 2900 577 2968 ipsi
588 2901 658 2952 mibi
674 2918 756 2970 saepe
768 2900 862 2952 videre

196 2966 240 3020 Fit
255 2967 355 3032 timor,
376 2977 403 3020 et
414 2969 516 3037 pavida
529 2971 652 3039 trepidat
663 2970 815 3023 formidine
830 2973 941 3037 pectus:

197 3036 303 3087 Ultima
316 3054 406 3117 prona
420 3037 465 3090 via
478 3047 534 3106 est,
553 3048 582 3092 et
597 3049 660 3110 eget
673 3037 865 3092 moderamine
882 3044 971 3090 certo.

196 3107 275 3156 Tunc
287 3113 386 3173 et1am,
406 3123 477 3176 quae
490 3125 536 3163 me
549 3108 680 3162 subiectis
693 3108 795 3175 excipit
807 3106 897 3159 undis.

172 3228 175 3233 ,
195 3175 237 3226 Ne
248 3173 326 3228 ferar
336 3174 366 3227 in
379 3193 529 3246 praeceps,
546 3177 649 3247 Tethys
661 3178 734 3231 solet
746 3177 807 3246 ipsa
817 3173 917 3229 vereri.

127 3244 162 3296 70
196 3242 288 3310 Adde,
306 3245 383 3314 qsscd
397 3246 506 3299 assidua
516 3245 626 3316 rapitur
639 3247 777 3318 vertigine
791 3244 914 3308 coelum,

197 3312 346 3384 sideraque
354 3314 416 3371 alta
428 3315 529 3385 trahit,
547 3317 689 3389 celerique
703 3314 845 3377 volumine
857 3319 984 3383 torquet.
