2350 3834
128 209 170 271 26
393 209 427 268 P.
450 206 601 264 OVIDII
619 208 809 265 NASONIS

197 357 257 408 Hac
269 354 328 406 sine
341 352 406 424 lege
419 361 519 406 ruunt:
538 352 652 422 altoque
664 353 722 406 sub·
731 353 847 407 aethere
858 354 921 409 fixis

94 474 98 483 .
128 422 180 481 205
196 425 341 477 incursant
354 423 450 488 stellis,
467 422 639 491 rapiuntque
651 440 704 490 per
714 427 776 475 avia
787 441 912 478 cunum.
987 463 990 468 -

197 498 231 546 Et
244 493 328 547 modo
341 509 452 547 summa
462 500 571 561 petunt,
585 491 673 555 modo
687 509 739 561 per
752 492 859 547 sechia
871 494 987 565 viasque

196 562 365 631 Praecipites
378 562 467 630 spatio
481 570 576 613 terrae
587 561 724 630 propiore
731 561 871 622 feruutur.
884 588 886 597 v
980 613 984 625 ,

198 631 372 701 Inferiusque
385 630 441 682 suis
450 631 592 683 fraternos
606 646 720 683 currere
733 634 812 685 Luna

117 756 121 773 ι
198 700 363 754 admiratur¹
372 716 475 769 equos:
493 701 678 769 ambustaque
691 700 789 753 nubila
800 701 920 757 fument.
1170 716 1171 771 i

128 771 182 828 210
198 770 354 839 Corripitur
368 769 501 836 flammis,
518 778 550 822 ut
562 785 690 839 quaeque
703 769 846 838 altissima,
862 772 955 839 tellus,
1062 817 1066 824 ,
1170 786 1171 823 1

197 843 328 909 Fissaque
340 838 399 910 agit
411 839 506 904 rimas,
524 848 554 891 et
568 839 659 891 succis
672 849 733 892 aret
743 839 877 895 ademtis.
1170 850 1171 861 ¹

197 908 302 979 Popula
311 917 478 961 canescunt:
495 925 561 961 cum
574 907 722 960 frondibus
734 908 826 971 uritur
839 911 938 964 arbos:

196 978 400 1049 Materiemque
411 994 461 1030 suo
474 979 590 1046 praebet
600 994 680 1048 seges
693 978 773 1031 arida
788 978 902 1033 damno.

198 1052 286 1102 Parra
298 1064 416 1118 queror;
433 1064 553 1118 magisne
567 1056 687 1116 pereunt
701 1065 767 1101 cum
775 1049 922 1103 moenibus
933 1048 1032 1105 subus

129 1120 183 1176 215
199 1121 323 1186 Cumque
339 1117 394 1169 suis
407 1126 480 1168 totae
497 1116 609 1186 popidis
624 1116 755 1177 incendia
769 1127 866 1188 gentes
935 1170 937 1174 ,

198 1193 231 1241 in
245 1187 371 1238 cinerem
383 1195 504 1239 vertunt.
522 1186 611 1253 Silvae
625 1203 692 1237 cum
702 1188 846 1241 montibus
859 1185 974 1240 erdem:

134 1260 137 1269 '
198 1252 284 1309 Ardet
296 1256 394 1319 Athos,
408 1257 569 1325 Taurusque
584 1253 662 1319 Cilix,
681 1264 711 1307 et
723 1256 848 1323 Tmolus,
866 1265 895 1309 et
909 1260 986 1321 Oete,
1023 1290 1029 1305 i

198 1329 233 1378 Et
243 1340 320 1375 nunc
332 1324 415 1389 sicea,
430 1324 508 1392 prius
524 1323 710 1376 celeberrima
721 1324 854 1391 fontibus,
871 1324 936 1390 Ide,

197 1393 400 1464 Virgineusque
420 1393 544 1458 Helicon,
563 1401 592 1445 et
603 1393 729 1444 nondum
741 1395 876 1464 Oeagrius
888 1396 1018 1447 Haemos.

129 1465 182 1519 220
198 1463 284 1516 Ardet
297 1462 326 1513 in
342 1462 511 1515 immensum
522 1461 670 1532 geminatis
682 1462 793 1532 ignibus
799 1468 896 1528 Aetne,

129 1538 131 1541 '
199 1536 389 1601 Parnasusque
402 1531 507 1600 biceps,
526 1539 555 1584 et
566 1534 646 1599 Eryx,
665 1539 694 1582 et
706 1530 843 1599 Cynthus,
855 1541 883 1587 et
898 1530 1009 1599 Othrys,

198 1606 232 1655 Et
242 1600 357 1654 tandem
367 1600 500 1670 Rhodope
514 1599 625 1655 nivibus
639 1599 771 1664 unitura,
788 1601 952 1670 Mimasque,

198 1670 404 1739 Dindymaque,
421 1677 451 1722 et
462 1669 579 1738 Mycale,
595 1679 733 1739 natusque
745 1669 781 1725 aa
795 1687 874 1722 saera
885 1669 1053 1738 eyuueron.

166 1758 171 1763 ·
200 1744 258 1794 Neo
268 1736 385 1808 prosunt
397 1739 526 1806 Scythiae
545 1755 595 1790 sua
606 1739 727 1809 frigora:
747 1741 882 1793 Caucasus
893 1738 984 1803 ardet,

100 1835 102 1841 ¹
130 1813 182 1870 225
200 1815 320 1878 Ossaque
334 1824 399 1860 cum
410 1808 507 1875 Pindo,
524 1808 670 1878 maiorque
687 1809 823 1862 ambobus
832 1808 981 1877 olympia.-

199 1878 354 1949 Aiiriaeque
369 1878 459 1946 Alpes,
471 1886 500 1930 et
512 1877 628 1931 nubifer
639 1878 808 1946 Apenninus.

199 1952 279 2003 Tunc
292 1964 360 2000 uere
374 1947 516 1999 Phaethon
533 1946 641 2001 eunoeis
655 1948 808 2015 apartibus
820 1947 921 2000 orbem

198 2016 324 2086 Adspicit
338 2033 497 2083 accensum,
514 2033 568 2069 nec
582 2025 678 2073 tantm
688 2017 803 2071 sustinet
812 2026 920 2070 aestus:

111 2144 114 2147 ,
199 2092 404 2156 Perventesque
418 2103 506 2153 auras,
523 2085 602 2139 velut
613 2101 632 2137 e
643 2085 761 2139 fornace
771 2086 922 2155 profunda,

132 2156 184 2215 280
202 2162 256 2209 Ore
267 2155 372 2220 trahit,¹
381 2172 535 2224 annusque
547 2172 613 2207 suos
625 2154 792 2208 candescere
803 2157 897 2210 sentit.

199 2229 233 2279 Et
246 2241 337 2295 neque
347 2224 408 2276 iarn
422 2223 530 2277 cineres
541 2225 745 2292 eiectatamque
760 2224 887 2277 fasfllam

199 2287 284 2348 Ferre
301 2302 409 2363 potesis
426 2292 573 2362 calidoque
584 2293 735 2347 involvitur
749 2293 876 2364 undique
891 2293 981 2347 fumo.

201 2367 319 2432 Quoque
331 2370 385 2428 eat,
403 2371 453 2414 aut
466 2361 569 2427 ubisit,
586 2363 669 2433 picea
679 2362 799 2433 caligine
812 2372 912 2430 tectus,

200 2433 305 2497 Nescit,
322 2440 351 2484 et
365 2431 480 2484 arbitrio
494 2431 643 2485 volucrum
652 2440 781 2501 raptatur
791 2450 939 2502 equorum.

133 2503 184 2559 235
202 2502 340 2572 Sanguine
352 2510 416 2553 turn
434 2500 554 2553 credunt
563 2501 593 2553 in
608 2518 729 2570 corpora
741 2519 852 2554 summa
863 2512 974 2571 vocato,

201 2571 368 2640 Aethiopum
378 2570 498 2640 populos
511 2570 626 2640 nigrum
637 2570 754 2623 traxisse
767 2571 903 2625 colorem.

201 2643 274 2692 Tum
286 2641 363 2692 facta
380 2649 421 2691 est
432 2639 527 2707 Libye,
543 2639 631 2708 raptis
644 2640 808 2693 humoribus
819 2648 908 2705 aestu,

203 2708 300 2761 Arida:
318 2717 381 2761 tum
392 2710 538 2777 Nymphae
550 2708 635 2777 passis
650 2708 797 2778 fontesque
809 2709 943 2780 laetaque

203 2777 348 2833 Deflerere
363 2778 461 2831 comis.
487 2777 603 2841 Quaerit
613 2778 726 2830 Boeotia
737 2778 849 2844 Dircen,

56 2900 60 2915 „
135 2843 188 2903 240
204 2853 290 2917 Argos
306 2851 490 2915 Mnysnonen,
505 2846 615 2917 Ephyre
627 2846 768 2901 Pirenidas
782 2846 879 2902 undas.

204 2918 263 2969 Nec
274 2916 444 2969 sortitaloco
461 2915 593 2970 distantes
604 2915 723 2969 flumina
735 2917 810 2986 ripas

203 2987 277 3039 Tuta
288 2994 419 3039 manent:
435 2984 535 3041 mediis
548 2985 648 3039 Tanais
663 2984 784 3040 fumavit
792 2985 926 3055 inuadit,

205 3057 365 3124 Peneosque
378 3070 470 3121 senex,
486 3055 743 3124 Teuthranteusque
757 3054 863 3122 Caicus,

189 3156 192 3163 ·
206 3125 240 3174 Et
254 3122 329 3176 celer
341 3127 474 3189 Ismenos,
491 3140 559 3177 cum
568 3123 707 3179 Phocaico
720 3125 899 3192 Erymantho,

138 3189 191 3248 245
207 3198 379 3262 Arsurusque
390 3193 496 3248 iterum
511 3193 647 3259 Xanthus,
664 3193 844 3262 flavinqueL
861 3209 983 3264 curmae,

208 3260 479 3330 Quiquarecursatis
489 3261 563 3317 ludit
574 3261 738 3315 Maeandros
751 3262 832 3313 infun
856 3263 884 3330 's,

117 3405 123 3413 ,
209 3329 427 3405 Mygdoniusque
438 3329 533 3401 Meles,
552 3330 884 3405 sarracenatorum
