2350 3834
97 218 150 293 't‘
355 186 415 276 ἰ).
438 219 592 275 ovum
619 186 811 287 nasonis
857 262 861 270 .

126 409 127 413 ,
193 366 252 419 Nec
263 364 316 417 tihi
326 374 407 446 grata
417 363 513 419 minus
523 363 620 434 pietas,
637 368 770 435 lugente,
785 373 910 434 tuorum,

124 437 176 494 205
194 439 283 498 Quam
297 435 352 489 tut
361 435 411 487 illa
424 435 488 486 lovi.
514 434 569 498 Qui
579 442 728 503 postquam
739 452 808 488 voce
824 452 966 506 manuque

192 507 337 556 Murmura
351 504 532 572 compi-assiu
550 512 666 556 tenuere
680 504 789 556 silentia
801 507 905 559 cuncti.

193 574 318 625 Substitit
331 582 364 625 ut
376 574 493 639 clamor,
510 590 618 642 prossus
632 572 768 643 gravitate
783 577 921 644 regentir3

192 642 298 710 Iupiter
310 643 364 695 hoc
374 643 478 697 iterum
490 660 619 695 sermone
634 643 745 695 silentia
756 643 876 712 rumpit:

165 773 169 779 1
190 711 241 764 Ille
296 712 371 763 idem
382 729 501 782 poenas,¹
512 722 612 764 'curam
624 711 697 764 hanc
709 713 851 779 dimittite,
868 711 967 779 solvit3

123 778 175 839 210
192 784 252 844 Quo
285 790 379 835 tamen
390 781 548 847 admissum,
567 799 640 862 puae
648 782 684 834 sit
698 782 830 849 vindicta,
847 782 967 839 docebo.

192 851 352 919 Contigerat
362 861 468 905 nostras
481 851 597 904 infamia
609 851 743 920 temporis
755 869 850 906 aures:

191 922 283 982 Quam
297 919 411 989 cupiens
423 920 532 986 falsam,
549 938 660 975 summo
673 920 790 975 delabor
806 921 936 992 Olympo,

190 991 224 1042 Et
236 988 303 1041 deus
316 990 439 1045 humana
453 995 542 1045 lustro
555 991 607 1045 sub
620 990 742 1060 imagine
756 1000 854 1044 terras.

191 1060 287 1128 Longa
302 1057 383 1112 mora
397 1069 446 1127 est,
465 1069 601 1130 quantum
612 1075 700 1112 noxae
711 1060 748 1112 sit
761 1059 865 1129 ubique
876 1069 1030 1130 repetam,
1045 1100 1050 1109 x

122 1126 174 1185 215
192 1130 375 1182 Enumerare:
395 1130 489 1182 minor
505 1130 579 1182 fuiti
599 1147 629 1181 sa
643 1129 759 1181 infamia
773 1146 851 1182 vero.

192 1197 320 1249 Maenala
331 1199 506 1263 transieram,
524 1149 639 1251 lateiris
650 1198 791 1251 horrenda
802 1199 939 1267 fernum,

191 1267 226 1318 Et
240 1283 305 1317 oum
317 1267 435 1335 Cyllenae
463 1267 528 1320 elidi
542 1268 636 1336 pineta
647 1266 757 1335 Lycaei.

190 1335 313 1387 Arcados
326 1336 391 1387 hinc
406 1286 484 1388 seties
497 1347 525 1389 et
540 1336 680 1404 inhospita
692 1344 767 1388 tecta
780 1335 894 1403 tyranni

190 1404 344 1474 ingredior.
361 1406 505 1463 traherent
519 1423 584 1461 oum
599 1422 662 1457 sera
677 1404 841 1473 crepuscula
858 1413 981 1461 noctem.

122 1466 174 1527 220
191 1473 274 1542 Signa
284 1473 349 1539 dedi
364 1473 469 1528 venisse
482 1475 582 1540 deum3
600 1474 754 1544 vulgusque
768 1474 879 1541 precari

191 1543 333 1610 Coeperat.
350 1543 451 1596 Irridet
464 1545 557 1614 primo
570 1543 617 1612 pia
629 1552 695 1599 vota
706 1547 834 1610 Lyca0n;

90 1614 93 1623 '
189 1612 254 1663 Mox
267 1611 314 1678 ait,
332 1614 474 1680 Experiar,
491 1614 558 1667 deus
570 1613 627 1678 hic,
644 1612 804 1664 discrimine
816 1620 924 1681 aperto,

189 1684 230 1731 An
241 1680 277 1732 sit
289 1682 429 1733 mortalis:
445 1701 501 1739 ,nec
512 1685 568 1736 erit
577 1682 733 1736 dubitabile
745 1699 852 1735 rerum.

128 1803 129 1806 ,
189 1751 279 1802 Nocte
292 1768 409 1820 gravem
422 1769 520 1807 somno
533 1770 587 1807 nec
599 1751 683 1820 opina
694 1751 812 1820 perdere
827 1756 921 1805 morta

120 1815 174 1872 225
189 1821 233 1870 Me
243 1828 331 1888 parat.
355 1824 430 1874 Haec
443 1822 486 1874 illi
499 1821 593 1890 placet
608 1820 777 1890 experientia
786 1821 855 1878 reri.

189 1890 249 1940 Nec
262 1898 408 1941 contentus
423 1907 466 1957 eo,
485 1891 562 1945 missi
575 1891 609 1943 de
622 1899 705 1960 gente
717 1890 838 1943 Molossa

190 1957 296 2010 obsidis
308 1959 391 2015 unias
402 1960 530 2030 iugulum
543 1977 680 2015 mucrone
691 1959 818 2013 resolvit:

189 2030 224 2077 At
241 2044 280 2078 ue
292 2027 332 2079 ita
344 2029 498 2083 semineces
512 2032 616 2099 partim
631 2029 802 2081 ferventibus
815 2037 893 2081 astru

36 2130 40 2137 ,
126 2133 129 2137 -
190 2046 281 2153 Mdllit
292 2098 381 2167 aquis,
399 2100 505 2167 partim
515 2100 641 2155 subiecto
652 2099 776 2153 torruiti
797 2097 834 2151 ni.

119 2159 173 2217 280
191 2168 265 2228 Quos
280 2166 363 2218 simul
377 2168 511 2236 imposuit
525 2168 641 2230 mensis;
660 2185 713 2288 epo
724 2167 771 2219 rin
795 2167 800 2178 '
820 2167 966 2221 allamma

188 2238 223 2286 In
234 2235 348 2295 domiuo
365 2237 392 2288 di
414 2255 464 2291 nos
478 2239 569 2291 everti
580 2246 669 2291 tecta·
694 2245 797 2292 enatos.

188 2304 314 2356 Territus
328 2305 387 2359 ille,
402 2307 475 2377 ugit:
492 2317 647 2376 nactusque
660 2307 770 2359 silentia
780 2305 855 2357 ruris

188 2373 328 2441 Exululat‚
346 2375 509 2446 frustraque
519 2377 598 2447 loqui
611 2386 745 2428 conaturi
762 2375 797 2427 ab
812 2376 873 2443 ipso

127 2489 132 2499 .,
190 2442 300 2524 Colligit
315 2461 345 2495 os
360 2445 476 2511 rabiem,
493 2446 648 2514 solitaeque
661 2444 793 2514 cupidine
805 2444 899 2497 caedis

120 2507 172 2562 235
189 2516 316 2564 Vertitur
333 2513 362 2564 in
375 2516 512 2583 pecudes:
530 2525 560 2568 et
575 2532 650 2569 nunc
663 2531 775 2584 quoque
785 2513 920 2585 sanguine
930 2509 1044 2583 gaudet.
1110 2536 1112 2546 Δ

189 2583 221 2632 In
233 2581 313 2634 villos
327 2583 431 2636 abeunt
446 2594 544 2651 restes,
561 2584 592 2637 in
604 2601 688 2637 crura
700 2583 808 2637 lacerti.
1074 2604 1078 2609 ·

188 2649 232 2700 Fit
244 2649 335 2718 lupus,
354 2654 493 2707 stratoris
506 2653 728 2723 servatvrestigia
739 2654 858 2705 formas.

191 2719 308 2771 Canities
323 2721 419 2775 eadent
432 2732 480 2788 est,
500 2723 599 2776 eadem
612 2722 744 2775 violentia
758 2721 854 2773 vultu:

189 2787 267 2839 Idem
281 2789 362 2853 oculi
371 2790 478 2844 lucent:
497 2793 596 2845 eadam
607 2792 726 2845 feritatis
739 2792 842 2860 imago.

120 2849 173 2909 240
190 2857 298 2908 Occidit
309 2876 365 2910 una
377 2861 491 2915 domus:
508 2862 630 2915 sednon
644 2861 743 2913 domus
754 2877 811 2911 uua
825 2856 922 2927 perire

93 2958 95 2961 -
166 2975 170 2981 ,
188 2925 278 2996 Digna
293 2927 361 2995 fuit3
379 2948 433 2999 qua
447 2939 523 2983 terra
533 2940 620 3000 patet,
637 2930 698 2983 fera
712 2927 950 3000 regnat-Erinnys.

188 2997 220 3046 In
238 2995 347 3049 facinus
361 2997 466 3053 iurasse
479 3009 568 3070 putes.
587 3004 660 3055 Dent
670 3000 747 3052 ocius
761 3013 865 3062 onaret,

189 3067 262 3127 Quas
274 3082 403 3123 meruere
419 3069 486 3138 pati,
504 3070 544 3123 sie
561 3079 617 3125 stat
626 3069 772 3134 sententia,
788 3082 902 3137 poenas.

224 3133 304 3185 Dicta
312 3139 382 3188 Iovis
396 3155 460 3206 pars
473 3156 543 3192 voce
555 3139 685 3208 probant,
702 3137 884 3206 stimulosque
897 3134 1005 3188 fluenti

120 3194 171 3254 245
188 3201 341 3257 Adliciunt:
361 3207 408 3263 alii
420 3218 513 3276 partes
525 3208 678 3275 assensibus
690 3206 819 3275 implento

188 3271 235 3323 Est
250 3279 345 3326 tamen
357 3276 473 3330 hunrani
485 3278 594 3348 generis
607 3278 717 3329 iactura
730 3276 823 3330 dolori
851 3316 856 3321 ,

175 3404 179 3411 1
190 3341 336 3397 omnibus:
355 3354 393 3414 et,
409 3364 480 3418 qius
491 3349 528 3403 sit
539 3356 634 3421 torrae
645 3345 813 3405 monnau
824 3343 912 3401 orbae
