2350 3834
184 276 187 280 Α
240 195 880 307 uemuoaeuosaouniunv.
938 200 1035 287 ,261
1117 274 1122 279 ,

30 373 32 377 ’
87 366 173 421 Garbe
185 364 260 434 tulit,
281 364 396 437 verique
408 364 608 419 notmannis
620 364 733 438 imago!

27 478 28 483 η
85 439 222 506 Tempora
236 452 319 506 saepe
330 452 429 507 gerens
441 436 527 489 foeno
542 436 662 506 religata
673 436 791 509 recenti,
834 500 835 503 Ἴ
962 439 1039 497 ·645

85 506 230 561 Delectum
241 514 354 574 poterat
402 522 485 559 amen
497 521 620 561 versasse
632 505 729 559 videri.

85 578 170 645 Saepe
184 575 349 627 manuatim
380 592 411 627 os
425 574 516 696 qipda
527 574 668 642 portabat,
685 575 814 630 utillum

67 645 69 651 ’
85 647 192 697 lunares
204 644 290 700 fessos
304 643 431 697 medodi
455 643 565 697 unxisse
577 643 719 698 iuvencos.

83 713 165 765 Falce
180 712 246 765 data
258 713 406 766 frondator
418 719 487 779 erat,
503 712 625 781 vitiaque
639 720 762 780 putator.

84 782 214 835 Induerat
227 783 331 847 scalam
348 782 490 834 lecturum
501 798 586 850 poma
598 789 733 860 putares..

84 851 161 904 Miles
177 859 238 905 erat
248 850 354 922 gladio,
370 851 494 920 piscator
507 849 642 903 nundine
656 858 761 916 sumta3

83 921 209 991 Denique
222 937 275 990 per
289 920 391 972 multas
402 919 512 972 aditum
527 919 580 975 sibi
591 935 672 988 saepe
684 919 788 990 figuras

84 990 208 1059 Reperit,
224 997 256 1057 ut
269 998 384 1058 caperet
396 997 539 1058 spectatae
550 988 653 1059 gaudia
664 988 785 1043 formae.
841 1026 843 1037 r

83 1058 132 1111 Ille
146 1058 321 1128 etiamsspicta
336 1058 484 1111 redimitus
496 1067 627 1126 tempora
638 1058 734 1124 mitra,

36 1134 40 1144 ‘
83 1129 205 1185 Innitens
213 1128 331 1194 rusculo,
349 1128 446 1197 positis
458 1127 494 1183 ad
505 1132 636 1195 tempora
648 1127 733 1193 canis,

55 1206 63 1215 ‘
84 1197 261 1249 Assimularit
275 1214 369 1257 auum,
386 1197 533 1266 cultosque
546 1195 661 1249 intravit
671 1196 701 1247 in
713 1197 821 1263 hortos,

82 1267 222 1336 Pomaque
236 1267 337 1320 mirata
350 1275 399 1331 est,
416 1268 562 1336 Tantoque
574 1265 730 1334 potentior!
748 1264 849 1334 inquit,

82 1335 170 1388 Pauca
212 1335 371 1391 claudetne
383 1335 460 1388 dedit
475 1335 579 1400 oscula,
598 1333 692 1405 qualia
708 1350 864 1403 numquam

82 1405 153 1457 Vera
187 1403 288 1457 edisset
300 1421 386 1458 anias:
402 1405 539 1484 glebaque
550 1403 669 1457 incurva
681 1403 795 1471 resedit,

82 1474 237 1544 Suspiciens
249 1475 356 1543 pandos
370 1483 498 1529 autumni
507 1473 631 1544 pondere
641 1489 743 1529 ramos.

81 1541 178 1595 Ulmus
196 1552 256 1597 erat
272 1553 373 1601 contra
388 1543 510 1614 spatiosa
522 1542 694 1597 tumentibus
708 1540 782 1594 uvis:

83 1612 172 1675 Quam
182 1612 258 1665 socia
270 1622 422 1683 postquam
436 1613 543 1681 pariter
554 1629 621 1664 cum
632 1613 687 1664 vite
703 1608 843 1679 probavit,

81 1683 116 1731 At
126 1682 149 1733 si
162 1689 258 1746 unet,
275 1683 324 1748 ait,
343 1682 453 1735 caelebs
464 1682 525 1745 sine
537 1681 653 1750 palmite
668 1689 794 1746 mancus,
846 1679 847 1686 ’

35 1788 37 1793 .
81 1748 126 1801 Nil
136 1758 250 1821 praeter
261 1750 386 1817 frondes,
405 1766 491 1820 quare
505 1758 655 1818 peteretur,
672 1748 800 1800 haberet.

80 1818 155 1872 llaec
170 1836 292 1890 quoque,
300 1837 382 1890 ¹qum
392 1820 492 1872 iuncta
503 1816 567 1870 ritis
578 1816 774 1887 requiescitur
784 1815 878 1885 uma,
939 1878 947 1888 ⁸

81 1887 180 1941 sinon
192 1898 280 1957 nupta
292 1888 376 1956 foret,
394 1897 486 1940 terrae
498 1887 637 1941 acclinata
648 1885 765 1949 iaceret.

80 1955 121 2008 Tu
131 1967 228 2010 tamen
237 1957 363 2027 exemplo
374 1975 434 2011 nou
446 1956 568 2028 tangeris
580 1955 689 2009 mhoris
704 1955 795 2022 huius,

84 2026 306 2097 concupitusque
322 2026 405 2097 fugis,
423 2044 477 2079 nec
490 2035 519 2078 te
533 2025 704 2094 coniungere
721 2039 812 2077 curas.
832 2067 834 2071 ,

80 2097 114 2146 At
154 2097 293 2149 eutiuam
305 2096 403 2153 velles!
421 2095 526 2149 Helene
540 2112 600 2147 non
611 2093 737 2162 pluribus
754 2100 827 2147 esset

80 2113 233 2217 aofficitata
245 2165 352 2233 procis:
369 2183 422 2218 nec
437 2181 508 2245 quae
519 2165 558 2217 La
578 2164 665 2216 ithe'ia
675 2162 766 2216 movit

80 2231 200 2302 Proelia,
215 2251 268 2287 nec
282 2233 500 2288 coniux‘timidis
513 2251 549 2285 au
569 2232 625 2287 acis
639 2230 735 2292 Ulixei.
756 2278 758 2283 Α
817 2266 834 2289 κ,

80 2302 159 2355 Nunc
173 2319 296 2384 quoque,
316 2321 382 2355 cum
393 2303 485 2374 fugias
498 2301 689 2372 averserisque
703 2309 839 2371 petentes,

80 2370 155 2424 Mille
169 2389 250 2442 proci
266 2373 390 2442 cupiunt,
409 2382 437 2425 et
454 2370 634 2441 semideique,
655 2371 766 2440 deique,

80 2439 112 2490 Et
128 2458 312 2511 quaecamque
326 2450 424 2494 tenent
436 2441 556 2493 Albanos
570 2440 687 2492 numina
699 2448 818 2492 montes.

81 2509 133 2561 Sed
145 2520 187 2576 tu,
206 2510 229 2560 si
244 2511 341 2578 sapies,
360 2511 383 2562 si
396 2519 425 2563 te
436 2511 508 2562 hene
520 2509 645 2580 iungere,
663 2522 803 2576 anumque

63 2578 64 2582 ’
80 2577 163 2632 Hanc
169 2577 268 2633 audire
281 2578 367 2646 voles,
386 2595 457 2648 quae
470 2587 498 2641 te
512 2578 574 2646 plus
587 2578 717 2631 omnihus
729 2577 795 2638 illis,
854 2646 857 2647 7

80 2645 141 2699 Plus
149 2664 236 2718 quam
248 2647 348 2713 credis,
367 2664 440 2712 amo,
459 2646 588 2717 vulgares
601 2647 688 2698 reiice
699 2646 805 2711 taedas,

80 2715 321 2787 Vertumnumque
334 2716 391 2767 tori
403 2715 512 2768 socium
524 2716 578 2769 tibi
588 2716 690 2785 selige:
728 2732 761 2766 ro
775 2730 832 2783 quo
958 2762 961 2771 .

80 2784 123 2836 Me
136 2803 251 2856 quoque
264 2786 365 2855 pignus
377 2785 466 2852 habe3
484 2801 576 2854 nequa
593 2785 669 2837 enirn
681 2783 702 2849 s'
724 2785 734 2835 i
745 2784 843 2836 notior
852 2779 902 2835 ille
914 2789 964 2850 eat,

81 2855 171 2915 Quam
185 2855 264 2907 mihi.
299 2857 358 2906 Nec
373 2863 436 2907 toto
450 2853 554 2923 passim
565 2871 651 2923 vagus
663 2861 740 2909 errat
752 2853 782 2903 in
794 2852 905 2917 orbe3.
935 2851 952 2875 '
987 2853 1039 2908 680

80 2922 155 2976 Haec
167 2923 232 2977 loca
239 2922 298 2976 sola
310 2923 395 2975 colit:
413 2940 477 2990 nec,
495 2923 537 2975 uti
550 2940 615 2991 pars
626 2940 728 2993 magna
740 2937 902 2991 procorum,

81 2993 169 3057 Quam
183 2992 363 3056 modoridit,
378 3001 473 3057 amau
490 3000 523 3043 tu
553 2993 649 3057 nunus,
668 3002 696 3044 et
708 2991 823 3045 ultimus
832 2989 874 3042 illi
913 3026 919 3043 .

80 3060 171 3129 Ardor
183 3062 248 3127 eris,
263 3061 372 3142 solique
387 3079 451 3119 suos
465 3061 515 3114 tihi
531 3010 649 3114 devovet
658 3078 755 3115 annos.
785 3108 789 3115 a

81 3128 165 3197 adde,
183 3130 259 3248 (prod
273 3131 439 3196 est1uvenis,
457 3128 533 3200 quod
542 3130 670 3199 naturale
685 3129 795 3183 decoris

80 3198 180 3250 Munus
217 3200 289 3263 abet,
307 3199 469 3269 formasque
483 3209 547 3268 apte
561 3200 683 3270 fingetur
697 3199 726 3250 in
740 3213 847 3262 amaea,
984 3195 1036 3248 685

80 3267 120 3332 Et,
140 3267 219 3336 quod
234 3268 397 3335 eruimus,
413 3268 510 3321 iubeas
522 3269 590 3321 licet
602 3269 705 3334 omnia,
721 3268 780 3321 fiet.
805 3276 810 3287 '
1022 3320 1025 3329 ,

81 3335 174 3401 Quid?
194 3336 271 3409 quod
282 3338 379 3391 amatis
394 3337 489 3401 idem?
508 3337 592 3410 quod,
612 3353 684 3412 quae
696 3337 748 3391 tihi
758 3351 844 3406 poma
856 3331 995 3398 coluntur,
