2350 3834
246 228 695 286 METAMORPHOSEON
715 231 796 286 LlB.
821 232 868 288 XI.
974 233 1035 294 201

79 378 126 430 Sic
139 376 189 429 ubi
201 389 230 430 se
244 373 334 427 ventis
348 373 499 429 admiserat
513 375 590 428 unda
605 372 723 440 coortis,¹

79 447 143 500 lbet
151 447 182 498 in
194 460 274 498 arma
285 443 361 510 ratis,
379 445 469 496 inulto
490 461 526 498 aa
541 454 602 498 erat
615 444 699 497 altior
710 443 774 498 illis.

78 520 197 586 lamque
209 514 307 566 labant
321 514 411 578 cunei,
429 464 604 585 spdiietaque
616 515 741 584 tegmine
755 531 839 570 ceras
973 576 976 579 v

79 586 163 638 Rima
174 592 261 654 patet,
299 583 451 653 raebetqua
465 584 541 636 viam
566 584 697 635 letalibus
709 585 800 638 undis.
984 586 1035 640 515

77 656 153 707 Ecce
165 653 270 705 cadunt
278 600 359 722 largi
372 653 502 705 resolutis
518 653 639 705 nubibus
653 653 775 718 imbrem

78 726 167 793 Inque
181 722 288 774 fretum
303 719 400 774 credas
412 730 504 774 totum
517 721 686 774 descendere
700 722 821 787 coelum,

79 794 110 844 ln
183 791 280 861 plagas
295 790 368 843 coeli
380 791 566 843 tumefactum
577 791 748 843 adscendere
762 801 889 860 pontum.

79 862 120 914 Ve
132 878 149 912 a
160 859 276 912 madent
289 858 408 924 nimbis3
425 869 454 912 et
469 877 534 912 cum
552 860 720 912 coelestibus
735 861 818 912 undis

79 933 244 999 Aequoreos
256 929 411 980 miscentur
422 945 520 999 aquae.
538 931 621 981 Caret
632 929 742 999 ignibus
757 930 870 995 aether3

80 999 225 1079 Caecaque
240 1015 297 1050 nox
308 997 447 1066 premitur
460 999 582 1050 tenebris
590 998 746 1068 hiemisque
759 1000 878 1068 suisque.

78 1069 239 1122 Discutiunt
251 1076 348 1119 tamen
359 1066 418 1137 has,
456 1068 628 1137 raabentque
642 1067 775 1120 micantia
788 1067 884 1122 lumen

78 1136 227 1192 Fulmina:
244 1135 387 1190 fulmineis
401 1085 549 1190 ardescunt
561 1136 672 1208 ignibus
685 1137 786 1191 undae.

78 1206 135 1259 Dat
148 1222 261 1277 quoque
275 1207 333 1258 iam
347 1204 433 1258 saltus
448 1206 524 1258 intra
539 1223 609 1258 cava
622 1214 698 1258 terta
711 1207 825 1259 carinae

80 1275 196 1329 Fluctus
207 1284 269 1342 zet,
286 1283 318 1327 ut
332 1273 423 1341 miles,
441 1292 561 1329 numero
578 1276 766 1344 praestantior
781 1276 868 1341 omni,

80 1345 151 1397 Cum
163 1360 247 1414 saepe
261 1344 368 1396 assiluit
381 1343 511 1397 defensae
525 1346 673 1397 moenibus
689 1344 775 1411 urbis,

78 1417 135 1483 Spe
146 1415 255 1483 potitur
266 1413 389 1479 tandem,
405 1413 552 1484 laudisque
566 1431 700 1468 accensus
713 1431 810 1469 amore

79 1486 157 1535 Inter
170 1482 248 1536 milla
263 1484 347 1549 viros,
364 1499 478 1535 murum
491 1493 586 1536 minen
600 1491 720 1552 occupat
731 1500 818 1549 unus3

80 1551 126 1604 Sic
139 1553 189 1604 ubi
201 1552 348 1632 pulsarunt
359 1569 437 1605 acres
450 1553 539 1606 latera
553 1553 642 1605 ardua
656 1553 770 1618 fluctus,

79 1620 188 1673 vastius
202 1637 348 1692 insurgens
362 1620 488 1675 decimae
501 1623 559 1674 ruit
570 1623 693 1690 impetus
705 1621 812 1673 undae:

79 1691 139 1745 Nec
152 1690 230 1760 prius
246 1689 353 1743 absistit
365 1690 469 1744 fessam
482 1706 645 1762 oppugnare
659 1692 796 1757 carinam,

79 1762 172 1823 Quam
184 1759 262 1812 velut
275 1759 304 1811 in
317 1768 415 1829 captae
430 1760 582 1813 descendat
595 1761 708 1812 moenia
721 1759 808 1812 navis.
901 1790 903 1794 >

78 1829 145 1881 Pars
157 1828 249 1899 igitur·
257 1830 385 1881 tentabat
396 1829 487 1882 adhuc
506 1829 638 1881 invadere
651 1830 757 1898 pinum,

78 1899 144 1950 Pare
157 1898 242 1949 maris
254 1898 329 1950 intus
345 1908 414 1953 erat.
435 1898 588 1967 Trepidant
603 1897 678 1950 haud
691 1898 781 1950 secius
792 1910 901 1960 omnes,

80 1969 172 2030 Quam
184 1966 256 2019 solet
268 1968 344 2033 urbs,
363 1968 422 2019 aliis
434 1978 548 2020 murum
560 1967 731 2020 fodientibus
744 1975 830 2032 extra,

117 2053 171 2156 qne
186 2035 246 2088 aliis
262 2053 384 2102 murum,
402 2037 553 2105 trepidare,
570 2036 731 2089 tenentibus
743 2036 825 2088 intus.

79 2106 119 2157 De
142 2107 181 2157 cit
195 2122 250 2171 ars,
269 2105 410 2175 animique
426 2105 547 2158 cadunt:
564 2106 740 2175 totidemque
755 2104 895 2171 videntur,
948 2154 950 2159 ⁴

79 2172 163 2237 Quod
177 2174 290 2226 veniant
303 2175 414 2241 fluctus,
430 2192 513 2229 ruere
528 2185 618 2246 atque
626 2175 783 2244 irrumpere
801 2181 918 2224 mortes.

78 2244 143 2296 Non
155 2251 236 2295 tenet
244 2244 292 2296 hic
303 2243 451 2297 lacrimas:
468 2253 563 2313 stupet
576 2244 638 2296 hic:
656 2253 739 2296 vocat
748 2243 798 2294 ille
811 2243 919 2309 beatm,

79 2313 190 2364 Funera
203 2328 272 2381 quos
288 2322 434 2365 maneant:
454 2314 501 2366 hic
513 2314 585 2366 votis
598 2331 702 2366 numen
715 2313 825 2378 adorat,
989 2310 1042 2367 540

77 2381 255 2451 Brachiaque
269 2382 304 2434 ad
318 2382 438 2448 coelum,
497 2384 534 2435 od
546 2400 603 2435 non
617 2383 703 2450 videt,
721 2381 802 2434 irrita
816 2380 919 2432 tollens

79 2451 172 2503 Poscit
190 2467 291 2519 opem:
309 2451 429 2503 subeunt
442 2453 462 2504 il
474 2453 485 2504 i
499 2452 658 2522 fratresque
675 2466 848 2521 parensque3

78 2520 151 2573 lluic
166 2536 233 2572 cum
244 2520 408 2590 pignoribus
421 2519 529 2586 domus,
544 2531 573 2587 et
586 2521 664 2590 quod
677 2520 778 2591 cuique
792 2518 925 2572 relietum
939 2526 988 2573 est.

78 2589 223 2657 Halcyone
238 2591 326 2657 Ceyca
339 2598 450 2642 movet:
469 2591 564 2658 Ceycis
577 2590 607 2640 in
623 2607 672 2642 ore
1011 2624 1012 2627 =

77 2658 163 2711 Nulla
175 2657 228 2709 nisi
243 2658 385 2727 Halcyone
399 2667 457 2711 est:
476 2668 513 2724 et,
532 2676 599 2712 cum
612 2658 750 2711 desideret
765 2673 860 2723 unam,
989 2655 1040 2713 545

79 2727 191 2779 Gaudet
204 2727 300 2780 abesse
313 2736 418 2782 tamen.
444 2728 552 2785 Patriae
568 2745 680 2797 quoque
693 2727 779 2779 vellet
789 2728 827 2778 ad
839 2720 915 2780 oras‘

76 2797 237 2865 Respicere,
256 2797 340 2878 inque
355 2796 472 2848 domum
485 2812 629 2865 supremos
641 2806 753 2867 vertere
766 2795 868 2849 vultus.

77 2868 194 2932 Verum,
220 2866 268 2918 ubi
281 2874 325 2933 sit,
343 2866 446 2919 nescit:
464 2875 543 2918 tanta
557 2866 694 2937 vertigine
707 2874 810 2935 pontus

76 2938 189 2997 Fervet,
208 2941 245 3000 et,
263 2933 379 2988 inducta
393 2934 479 3004 piceis
495 2935 766 3000 enubibusumhra,

77 3002 167 3057 Omne
183 3004 253 3055 latet
265 3003 385 3069 coelum,
405 3004 602 3074 duplicataque
614 3006 705 3057 noctis
720 3006 813 3076 imago
828 3013 880 3059 est.
923 3026 927 3035 ¹
988 3002 1041 3055 550

75 3072 228 3144 Frangitur
238 3073 352 3126 incursu
368 3072 490 3126 nimbosi
497 3076 616 3126 turbinis
628 3075 726 3127 arbos:

76 3142 230 3213 frangitur
244 3151 273 3193 et
283 3143 427 3213 regimen:
444 3143 539 3212 spoliis
579 3160 595 3196 e
611 3145 736 3196 animosa
749 3149 908 3211 superstans

76 3213 168 3277 Unda,
186 3211 265 3262 velut
278 3212 388 3279 victrix,
406 3213 528 3264 sinuatos
539 3162 658 3282 dispicit
670 3212 773 3264 undas:

76 3282 135 3334 Nec
149 3280 250 3345 levius,
268 3283 391 3347 quamsi
410 3283 471 3353 quis
486 3282 586 3348 Athon,
605 3283 766 3346 Pindumve,
778 3278 902 3333 revulsos

41 3366 44 3375 ¹
74 3351 223 3418 sedesua,
242 3355 318 3402 totos
331 3351 361 3404 in
374 3361 506 3422 apertum
518 3352 655 3405 everterit>
664 3367 780 3422 aequor,
988 3345 1039 3400 555
