2350 3834
139 196 246 267 sata)
319 205 324 210 ·
449 185 916 253 aovmnuasours‘

139 348 191 403 160
206 348 240 399 Et
257 344 320 396 dete
337 343 474 406 Latonae,
490 340 725 412 Latonigenisque
740 340 856 406 duobus,

207 418 275 466 Cum
292 428 374 480 prece
390 420 454 461 tura
470 412 530 479 pia,
548 411 682 480 lauroque
698 411 830 463 innectite
848 411 971 465 crinem:

206 488 259 534 Ore
276 498 339 532 meo
357 483 462 531 Latona
477 479 564 531 iubet.
598 481 729 543 Paretur3
749 488 776 531 et
793 495 888 532 omnes
927 483 931 490 “
1022 483 1025 490 ’

204 549 357 603 Thebaides
374 548 449 599 iussis
468 565 517 600 sua
532 557 659 617 tempora
675 548 820 600 frondibus
839 558 949 616 ornant,

205 623 333 688 Turaque
351 616 417 668 dans
435 618 549 683 sanctis,
569 626 598 667 et
613 617 698 668 verba
714 617 868 685 precantia,
885 618 1016 671 flammis.

69 735 73 754 λ
138 690 189 745 165
205 690 290 741 Eece!
308 687 384 737 venit
401 687 536 737 comitum
552 686 641 737 Niobe
659 685 841 738 celeberrima
856 688 947 755 turba,

205 757 331 811 Vestibus
346 754 450 806 intexto
468 753 591 823 Phrygiis
608 754 763 823 spectabilis
782 771 849 807 auro
859 763 872 808 τ’

175 873 176 876 ,
205 830 255 892 Et,
274 832 408 894 quantum
422 822 464 873 ira
478 823 555 887 sinit,
573 823 710 889 formosa,
728 839 895 893 movensque
913 823 1016 877 decoro

208 898 276 947 Gum
293 893 382 959 capite
395 892 532 943 immissos
549 892 698 943 humerum
710 908 761 959 per
777 901 927 963 utrumque
944 893 1068 963 capillos,

207 955 348 1016 Constitit:
371 969 457 1030 utque
474 959 570 1012 oeulos
588 960 760 1012 circumtulit
776 961 833 1014 alta
849 962 998 1043 superbos3

138 1028 190 1086 170
207 1034 271 1096 Quis
288 1031 369 1081 furor
379 1029 506 1095 auditos,
528 1029 635 1097 inquit,
652 1045 823 1097 praeponere
839 1032 904 1083 visis

206 1098 361 1154 Coelestes?
378 1107 426 1149 aut
443 1116 493 1149 cur
508 1098 610 1148 colitur
621 1100 727 1148 Latona
742 1115 794 1166 per
810 1116 879 1165 aras,

205 1159 315 1224 Numen
327 1166 416 1217 adhu'c
428 1167 486 1217 sine
498 1174 561 1217 ture
574 1182 669 1217 meum
682 1166 741 1217 est?
758 1167 826 1218 mihi
834 1168 965 1221 Tantalus
978 1178 1086 1237 auctor,

204 1240 254 1290 Cui
269 1236 350 1287 licuit
366 1234 418 1285 soli
435 1240 605 1302 superorum
621 1242 736 1304 tangere
753 1251 878 1288 mensas:

204 1305 348 1359 Pleiadum
364 1320 444 1354 soror
462 1311 502 1352 est
519 1302 644 1372 genetrix
660 1303 742 1355 mihi:
759 1306 894 1356 maximus
912 1306 988 1366 Atla‘s

137 1373 187 1428 175
204 1380 249 1427 Est
266 1389 347 1432 avus,
365 1370 519 1422 aetherium
536 1371 584 1439 qui
600 1371 657 1421 fert
673 1371 824 1424 cervicibus
843 1369 937 1426 axem:

203 1443 307 1511 Iupiter
323 1440 394 1492 alter
410 1457 489 1491 avus:
507 1456 604 1490 socero
623 1456 733 1510 quoque
750 1442 856 1511 glorior
872 1442 930 1495 illo.

203 1516 248 1566 Me
266 1518 360 1581 gentes
377 1515 505 1559 metuunt
521 1507 669 1578 Phrygiae:
687 1526 734 1561 me
750 1511 827 1580 regia
845 1511 945 1562 Cadmi·
1022 1551 1025 1562 ,

202 1582 258 1633 Sub
277 1577 390 1629 domina
408 1586 463 1629 est:
480 1575 636 1645 fidibusque
653 1578 709 1628 mei
725 1580 870 1631 commissa
886 1581 981 1632 mariti

201 1649 313 1710 ‚Moenia
329 1664 394 1701 cum
410 1645 521 1715 populis
536 1663 552 1697 a
569 1661 671 1714 meque
688 1647 801 1715 viroque
818 1658 962 1717 reguntur.

136 1712 235 1771 1801n
253 1732 446 1786 quamcunque
459 1714 561 1770 domus
578 1714 691 1765 adverto
711 1715 818 1766 lumina
833 1726 952 1785 partem,

203 1793 357 1841 Immensae
370 1790 530 1852 spectantur
547 1799 621 1851 opes.
655 1783 769 1834 Accedit
785 1785 884 1836 eodem

201 1858 292 1926 Digna
309 1854 361 1905 dea
377 1853 476 1904 facies:
495 1851 551 1902 huc
568 1859 646 1901 natas
664 1851 753 1903 adiice
770 1862 884 1920 septem,

202 1928 237 1977 Et
252 1922 371 1974 totidem
386 1922 511 1983 iuvenes,
531 1929 558 1971 et
573 1936 639 1970 mox
656 1931 826 1990 generosque
843 1939 993 1993 nurusque.

204 1993 334 2056 Quaerite
351 2007 441 2056 nunc,
458 1989 560 2042 habeat
577 2000 664 2057 quam'
678 1993 773 2039 nostra
789 1991 918 2057 superbia
936 2009 1067 2047 oausamt

136 2055 186 2112 185
202 2063 300 2115 Nescio
319 2076 429 2130 quoque
447 2057 545 2109 audete
563 2065 652 2108 satam
668 2057 795 2109 Titanida
812 2060 882 2111 Caeo
1078 2053 1081 2058 ⁴

202 2135 339 2184 Latonam
353 2127 497 2197 praeferre
513 2124 597 2188 mihi;
616 2125 661 2177 cui
678 2126 800 2177 maxima
816 2126 967 2197 quondam*

127 2217 130 2228 ·
202 2199 334 2269 Exiguam
350 2196 444 2248 sedem
459 2194 600 2263 pariturae
615 2201 691 2245 terra
706 2196 829 2264 negavit:

202 2271 261 2321 Nec
280 2266 368 2329 coelo,
385 2280 437 2315 nec
453 2264 548 2327 humo,
566 2278 620 2313 nec
637 2262 714 2331 aquis
730 2264 782 2315 dea
798 2274 887 2318 vestra
903 2275 1020 2337 recepta
1033 2276 1086 2322 est.

202 2336 272 2396 Exul
288 2344 347 2387 erat
362 2332 474 2398 mundi,
492 2331 581 2382 donec
598 2331 726 2383 miserata
742 2343 899 2403 vagantem,
925 2345 928 2351 ⁴

135 2398 187 2453 190
203 2404 317 2472 Hospita
335 2412 366 2453 tu
379 2400 460 2452 terris
478 2416 566 2464 erras,
585 2415 653 2469 ego,
671 2400 800 2465 dixit,'in
817 2402 906 2466 undis,

201 2472 415 2540 Instabilemque
431 2469 527 2520 locum
542 2467 625 2520 Delos
643 2469 726 2521 dedit.
761 2470 813 2521 Illa
830 2470 935 2523 duobus

202 2546 286 2595 Facta
302 2556 417 2609 parens:
434 2540 507 2590 uteri
523 2554 586 2605 pars
604 2546 645 2588 est
661 2539 731 2590 haec
748 2539 864 2606 septima
881 2541 979 2594 nostri.

202 2616 269 2663 Sum
285 2610 365 2662 felix:
384 2607 445 2677 quis
463 2606 537 2658 enirn
554 2614 638 2675 neget
654 2606 729 2658 hoc?
745 2607 865 2677 felixque
882 2611 1014 2664 manebo.

202 2684 262 2732 Hoc
281 2695 391 2747 quoque
408 2676 467 2746 quis
484 2675 610 2727 dubitet?
626 2682 717 2727 tutam
733 2692 778 2729 me
796 2678 876 2745 copia
891 2678 971 2734 fecit.

134 2750 184 2805 195
201 2749 289 2801 Maior
305 2764 379 2805 sum,
403 2762 487 2815 quam
504 2745 549 2796 cui
564 2745 651 2812 possit
666 2747 789 2798 Fortuna
805 2762 914 2799 nocere.

157 2851 160 2862 ‚
201 2817 344 2884 Multaque
361 2822 392 2865 ut
409 2814 521 2882 eripiat,
538 2812 630 2863 multo
645 2813 713 2864 mihi
729 2814 810 2882 plura
826 2811 976 2884 relinquet.

201 2890 344 2938 Excessere
361 2892 468 2933 metum
484 2897 548 2932 mea
563 2881 621 2931 iam
637 2881 719 2934 bona.
752 2883 859 2954 Fingite
876 2883 953 2936 demi

201 2955 272 3006 Huic
289 2951 394 3020 aliquid
408 2949 511 3019 populo
528 2958 660 3001 natorum
676 2967 754 3019 posse
771 2968 912 3016 meorum3
970 2965 972 2970 ·

199 3026 263 3075 Non
278 3031 374 3071 tamen
390 3019 590 3070 adnumerum
607 3019 719 3088 redigar
735 3020 851 3088 spoliata
868 3021 989 3076 duorum

131 3095 184 3149 200
199 3095 338 3154 Latonae,
354 3089 437 3139 turba
455 3103 523 3156 quae
542 3095 675 3156 quantum
693 3087 776 3139 distat
792 3089 826 3141 ab
845 3090 931 3140 orba?

200 3158 356 3221 inesceris,
375 3163 522 3224 properate
540 3153 636 3220 sacris',
654 3155 817 3226 laurumque
834 3158 939 3226 capillis

198 3228 304 3283 Ponite.
337 3228 492 3293 Deponunt,
509 3223 667 3292 infectaque
682 3241 760 3277 sacra
777 3224 952 3295 relinquunt:

199 3295 335 3365 Quodque
351 3294 433 3363 licet,
450 3292 536 3346 tacito
553 3300 721 3347 venerantur
737 3311 879 3348 murmura
895 3311 1011 3349 numen.
