2350 3834
244 221 686 282 uerauoueuossuu
703 222 788 279 me.
809 221 886 274 rin.
968 222 1033 291 221

65 367 156 420 Plura
166 365 282 438 ,quidun
295 367 367 436 feci,
385 385 470 439 quum
484 384 557 439 quae
571 367 772 436 comprendere
786 363 869 439 dietis
981 369 1034 423 1eo

64 441 100 489 In
112 446 229 506 promtu
240 438 309 491 mihi
321 438 371 489 sit:
389 455 485 490 rerum
499 448 596 490 tamen
609 438 707 500 ordine
720 437 817 490 ducar.
847 439 850 442 ’
958 459 961 466 ·

63 506 198 558 Praescia
210 506 319 558 venturi
331 509 449 577 genitrix
463 511 564 565 Nereia
577 507 628 559 leti

63 575 232 627 Dissimulet
246 576 324 629 cultu
332 587 446 640 naturus
465 574 615 644 deceperat
626 593 732 643 ornnes,

63 648 99 698 In
117 645 218 714 quihus
235 646 361 711 Aiacem,
373 657 488 699 surntee
503 645 616 697 fallacia
631 646 722 697 vestis.

52 719 155 781 ⁴Arma
172 726 224 784 ego
238 714 529 778 femineis,«animurn
543 723 657 769 motura
669 712 789 778 virilem,
952 769 955 777 Ἴ,
980 713 1031 768 166

63 783 210 835 Mercibus
223 783 336 837 inserui.
362 786 458 853 Neque
471 784 562 835 adhuc
572 782 823 851 proiecerut'herus

63 852 216 922 Virgineus
230 853 355 918 habitus,
372 871 440 904 cum
450 870 578 922 parinum
591 852 755 923 hastamque
768 850 884 918 tenenti,

62 924 141 975 Nata
154 920 219 989 dea,
238 922 307 984 dixi,
323 922 375 973 tibi
388 939 417 973 se
429 923 555 990 periture
568 929 711 972 reservent
870 932 872 936 ’

61 993 214 1062 Pergama.
249 990 322 1054 Quid
336 991 445 1043 dubitas
458 993 602 1062 ingentem
617 999 743 1043 evertere
756 987 892 1044 Thoiemi

61 1061 357 1130 Inieciquemanum,
374 1061 535 1133 fortemque
548 1060 584 1112 ad
595 1058 682 1110 fortia
697 1057 769 1111 misi.
851 1061 857 1067 ”
963 1057 1031 1113 ’170

61 1132 142 1201 Ergo
156 1146 242 1197 opera
253 1129 329 1189 illius
339 1146 405 1199 mea
417 1136 490 1183 sunt.
524 1132 583 1200 Ego
596 1128 739 1196 Telephon
750 1128 831 1201 hasta

60 1200 243 1270 Pugnantem
256 1198 365 1265 domui:
377 1199 484 1251 victum
494 1207 678 1269 orantemque
689 1196 789 1266 reieci.=
872 1212 874 1216 ·

62 1268 151 1332 Quod
164 1268 277 1320 Thebae
286 1264 432 1334 cecidere,
450 1285 546 1331 meum
560 1276 611 1320 est.
646 1269 690 1319 Me
704 1266 809 1319 credite
822 1265 943 1333 Lmbon,

13 1361 14 1364 ¹
61 1340 110 1390 Me
123 1336 275 1402 Tenedon,
292 1338 483 1407 Chrysenque,
503 1347 536 1395 et,
545 1337 649 1400 Cillan,
665 1335 801 1406 Apollinis
814 1336 908 1405 urbes,

60 1408 98 1459 Et
111 1411 211 1475 Syron·
219 1407 336 1477 cepisse:
354 1423 419 1473 mea
436 1424 569 1476 conctusa
581 1413 677 1475 putate
977 1405 1035 1462 175‘

59 1475 250 1529 Procubuisse
262 1476 321 1528 solo
335 1475 466 1544 Lyrnesia
478 1477 589 1528 moenia
603 1475 707 1528 dextra.

60 1549 160 1616 thue
174 1544 242 1603 alies
256 1554 382 1598 teocam:
403 1546 451 1615 qui
463 1563 577 1598 saevum
585 1545 706 1612 perdere
718 1553 813 1613 posset

59 1618 206 1679 Hectora,
226 1631 330 1682 nempe
340 1614 416 1666 dedi:
434 1631 484 1683 per
496 1632 543 1666 me
553 1616 628 1666 iacet
641 1613 753 1664 inclitus
764 1618 879 1670 Hector.

58 1684 129 1739 Illis
138 1684 211 1736 haec
223 1685 323 1749 armis,
342 1684 440 1803 quibus
452 1693 496 1745 est
505 1685 633 1735 inventus
645 1682 786 1751 Achilles,

59 1759 249 1822 Arinapeto:
266 1752 330 1805 vivo
364 1753 493 1819 ederem,
511 1751 787 1822 postfetarepoecu.
956 1751 1028 1806 -180

29 1848 32 1859 ·
59 1827 99 1877 Ut
115 1823 202 1874 dolor
215 1821 296 1873 unius
308 1824 416 1877 Danaos
426 1821 553 1890 pervenit
563 1822 600 1873 ad
616 1836 721 1885 ornnes,
771 1822 773 1824 ’
809 1848 812 1852 Δ

58 1884 222 1960 Aulidaque
234 1891 389 1948 Euboicam
403 1891 581 1960 complerunt
591 1890 671 1945 mille
684 1888 812 1956 carinae3

58 1966 230 2031 Exspectata
242 1960 306 2024 diu,
323 1959 415 2025 nulle,
433 1969 482 2012 aut
495 1961 638 2013 contraria
649 1958 739 2024 classi,

58 2032 194 2085 Flamina
209 2039 285 2087 runtt
301 2028 444 2097 duraeque
457 2029 556 2085 iubam
566 2034 777 2098 Agamemnona
790 2035 878 2095 sortes

58 2100 241 2153 Immeritam
256 2115 353 2151 saevae
366 2109 462 2150 natam
476 2107 601 2153 mouture
614 2099 726 2149 Dianae.
883 2130 887 2143 ι
976 2098 1026 2152 185

58 2174 193 2240 Denegat
203 2169 259 2220 huc
270 2168 397 2238 genitur,
415 2167 545 2237 Divisque
558 2166 687 2220 irascitur
699 2166 774 2234 ipsis,

58 2245 157 2310 Atque
172 2237 201 2288 in
215 2254 282 2308 rege
294 2246 388 2289 tamen
402 2246 482 2306 peter
496 2246 545 2290 est.
580 2241 638 2306 Ego
649 2235 719 2288 mite
732 2232 854 2303 parentis

57 2308 213 2381 Ingenium
225 2306 316 2359 verbis
330 2306 366 2358 ad
379 2307 492 2376 publice
506 2306 656 2359 commoda
667 2305 749 2358 verti.
839 2302 843 2307 ’

58 2382 148 2433 Nunc
162 2375 295 2446 equidem
308 2376 415 2442 fateor,
433 2377 562 2445 fessoque
575 2376 703 2446 ignoscat
717 2371 841 2435 Atrides3
1051 2413 1053 2415 ,

57 2446 218 2500 Difficilem
230 2445 307 2496 tenui
322 2445 373 2498 suh
386 2445 484 2516 iniquo
496 2444 588 2497 iudice
601 2456 732 2513 causamq
975 2444 1026 2499 190

58 2520 146 2573 Hunc
157 2524 255 2566 tamen
269 2514 375 2566 utilitas
387 2514 501 2583 pupuli,
518 2514 677 2582 fraterque,
698 2510 812 2579 datique

58 2591 183 2639 Summa
199 2591 295 2636 movet
309 2583 427 2651 sceptri,
443 2583 558 2635 leudem
571 2591 603 2634 ut
618 2600 683 2633 cum
700 2580 833 2649 sangnine
848 2587 955 2647 penset.
1026 2612 1031 2627 r

57 2656 165 2708 Mittor
175 2662 208 2706 et
221 2653 257 2705 ad
267 2662 402 2717 matrem,
422 2668 492 2732 quae
507 2669 565 2703 non
579 2650 733 2718 hortanda,
751 2648 801 2699 sed
816 2658 878 2702 astu

56 2723 236 2792 Decipienda
248 2721 313 2783 fuit.
341 2725 402 2784 Quo
416 2739 440 2772 rr
451 2720 629 2773 Telamonius
641 2720 714 2785 isset,

57 2795 141 2846 Orba
153 2793 209 2844 suis
222 2799 312 2843 essent
320 2791 475 2843 etiamnum
485 2791 570 2842 lintea
581 2789 679 2842 ventis.
973 2791 1024 2846 195

56 2863 162 2916 Mittor
179 2869 207 2912 et
220 2860 317 2911 Iliacas
328 2859 425 2928 ‚nudae
438 2869 534 2912 orator
548 2859 584 2910 ad
600 2874 693 2910 arces:

56 2934 202 3001 Visaque,
221 2938 249 2981 et
263 2930 365 2984 intrata
382 2938 423 2981 est
438 2930 511 2981 altae
524 2928 594 2981 mihi
609 2928 686 2980 curia
701 2924 818 2979 Troiae:

58 3001 206 3069 Plenaque
221 2998 313 3050 adhuc
326 3007 386 3049 erat
398 2998 447 3050 illa
460 2999 533 3052 viris.
567 2998 713 3050 Interritus
726 2995 780 3066 egi,

58 3075 159 3134 Quam
171 3069 240 3132 mihi
249 3067 396 3119 mandarat
407 3066 563 3120 cummunis
576 3067 707 3130 Graecia,
726 3081 849 3129 causam,

57 3145 232 3207 Accusuque
241 3137 337 3200 Parin,
352 3138 555 3206 praedamque,
572 3137 761 3207 Helenamqpe
772 3150 899 3200 reposuo,
968 3134 1022 3186 200

56 3212 97 3262 Et
109 3217 214 3260 moveo
228 3205 382 3270 Priamum,
399 3209 563 3274 Priamoque
576 3202 717 3257 Antenora
729 3204 865 3255 iunctum.

57 3284 98 3330 At
112 3277 203 3339 Paris,
212 3283 250 3333 ,et
262 3273 380 3340 iratres,
400 3285 428 3326 et
479 3277 489 3327 i
502 3291 619 3343 rapuere
632 3275 682 3325 sub
693 3273 752 3335 illo,

58 3344 118 3403 ‘Vix
128 3353 244 3401 mouere
256 3359 368 3411 meniu,
386 3346 440 3399 iuis
459 3361 523 3422 oo,
541 3339 847 3422 uenalemfneiaudasss
