2350 3834
259 229 703 289 METAMORPHOSEON
721 235 802 288 LIB.
825 237 874 291 111.
1004 240 1048 305 43

116 381 193 432 Silva
206 388 286 432 retus
297 379 403 445 stabat,
421 378 500 441 nulla
513 379 618 431 violata
629 380 730 448 securi,

78 452 115 502 Et
126 467 230 519 specus
244 449 272 501 in
279 449 394 511 medio,
411 449 495 518 virgis
508 467 541 502 aa
554 449 657 503 vimine
671 450 781 518 densus,

77 520 216 572 Efficiens
231 518 367 570 humilem
380 518 508 586 lapidum
521 536 622 587 compa
645 520 703 570 'bus
715 538 822 590 arcum,
1012 526 1048 581 30

79 584 224 641 Uberibus
236 588 375 639 fecundus
387 588 478 656 aquis3
497 587 550 640 boo
564 607 617 640 oon
638 589 691 640 itus
705 598 787 642 antro

77 659 202 710 Martius
215 659 313 728 anguis
326 666 398 723 erat,
417 657 508 708 aristis
522 659 675 727 praesignis
689 668 816 713 stauros

77 731 152 798 Igne
165 727 274 779 micant
290 726 380 778 oculi:
398 738 498 794 corpus
512 736 604 778 tumet
618 744 701 779 omna
713 746 838 784 veneno:

77 799 208 866 Tresque
221 796 333 847 vibrant
344 795 471 866 linguae:
488 795 593 864 triplici
605 806 678 848 stant
690 799 789 850 ordine
801 799 908 857 dentes.

80 869 177 930 Quem
190 874 339 946 postquam
353 865 439 934 Tyria
449 864 545 917 lucum
558 866 593 917 da
607 874 690 935 genta
703 867 825 935 profecti

78 936 210 988 Infausta
223 943 341 1004 tetigere
354 934 459 1004 gradu,
478 934 652 1004 demissaque
665 937 694 986 in
706 936 795 988 undas

81 1009 161 1056 Urna
177 1004 256 1055 dedit
269 1004 406 1067 souitum3
424 1003 544 1073 longum
553 1012 638 1072 caput
653 1004 752 1056 extulit
766 1014 847 1060 antro

9 1079 12 1085 '
80 1074 236 1125 Caeruleus
249 1089 377 1142 serpens,
395 1073 593 1142 horrendaque
607 1074 687 1126 sibila
700 1075 784 1128 misit

79 1142 226 1196 Effluxere
240 1159 328 1194 urnae
342 1144 484 1205 manibus,
502 1143 668 1213 sanguisque
685 1143 820 1214 relinquit

80 1214 206 1282 Corpus,
220 1220 255 1263 >et
266 1213 398 1282 attonitos
410 1211 518 1263 subitus
531 1221 640 1264 tremor
654 1222 774 1282 occupat
788 1223 875 1270 arms.

79 1282 134 1334 Ille
147 1281 316 1333 volubilibus
327 1296 488 1350 squamosos
499 1282 614 1334 neribus
627 1283 709 1334 orbes

79 1354 225 1420 Torquet,
244 1360 273 1401 et
285 1350 434 1402 immensos
447 1350 520 1402 saltu
537 1353 663 1403 sinuatur
673 1352 702 1403 in
716 1369 812 1407 arcus:

80 1425 122 1473 Ao
137 1420 233 1472 media
244 1419 307 1487 plus
318 1428 398 1489 parte
411 1420 486 1471 levet
498 1430 607 1472 erectus
619 1421 647 1471 in
661 1438 742 1473 auras

80 1489 209 1558 Despicit
222 1506 305 1540 omne
315 1506 428 1542 nemus:
446 1498 581 1560 tantoque
593 1498 636 1542 est
650 1508 783 1561 corpore,
801 1501 916 1564 quanto,

82 1560 113 1610 si
126 1568 220 1610 totum
235 1567 357 1627 spectes,
376 1559 500 1629 geminas
515 1560 562 1639 qui
573 1568 686 1628 separat
698 1569 807 1615 Arctos.

81 1630 143 1682 Nec
158 1645 255 1679 morat
272 1629 439 1694 Phoenicas,
456 1628 513 1683 sira
525 1628 567 1680 illi
579 1629 637 1681 tela
652 1631 801 1698 parabant,

44 1708 49 1713 ’
83 1698 148 1749 Sive
161 1698 281 1768 fugatur
295 1698 353 1749 siva
364 1697 423 1766 ipse
433 1698 519 1749 timor
530 1698 700 1768 prohibebat
712 1709 874 1772 utrumque,

83 1771 225 1835 Occupat3
244 1765 296 1817 bos
308 1783 419 1833 morsu,
438 1759 529 1838 longis
542 1768 733 1836 complexibus
745 1769 818 1838 illos,

82 1840 142 1888 lios
151 1844 236 1888 necat
249 1835 363 1888 afflatos
378 1836 481 1888 funesti
493 1838 679 1890 taboveneni.

81 1908 204 1959 Fecerat
218 1905 329 1976 exiguas
342 1905 399 1956 iam
407 1906 450 1956 sol
464 1905 614 1957 altissimus
627 1907 755 1959 umbras:

83 1978 165 2038 Quae
180 1992 263 2026 mora
276 1975 313 2026 sit
326 1975 424 2039 sotiis,
442 1975 563 2026 miratur
575 1981 702 2045 Agenore
716 1984 808 2044 natus,

82 2045 269 2116 Vestigatque
282 2045 367 2096 viros.
401 2045 534 2113 Tegimen
549 2044 664 2113 derepta
675 2045 752 2096 leoni

82 2113 170 2166 Pollis
181 2122 259 2165 erat:
275 2113 366 2165 telum
380 2113 537 2182 splendenti
548 2113 647 2166 lancea
658 2113 745 2179 ferro,

83 2185 120 2236 Et
128 2182 271 2238 iaculum.
288 2182 404 2252 teloque
419 2183 527 2243 animus
539 2184 726 2252 praestantior
740 2183 826 2239 omni.

85 2256 123 2304 Ut
137 2264 236 2304 nemus
250 2252 379 2317 intravit,
396 2252 539 2322 letataque
554 2270 674 2322 corpora
685 2252 766 2320 vidit,

83 2321 288 2390 victoremque
300 2336 385 2389 supra
397 2323 511 2390 spatiosi
524 2323 649 2391 corporis
661 2322 770 2374 bostem
870 2360 871 2363 η

83 2391 188 2444 Tristia
201 2390 353 2459 sangiunea
366 2390 539 2444 lambentem
552 2392 670 2443 vulnera
680 2390 793 2460 lingua3

84 2465 141 2513 Aut
154 2460 231 2511 ultor
245 2467 366 2523 vestrae,
384 2461 515 2513 fidissima
534 2474 667 2529 corpora,
684 2461 792 2526 mortis,
971 2487 973 2490 ·

86 2533 143 2580 Aut
154 2546 265 2595 comes,
281 2530 386 2598 inquit,
405 2546 463 2582 ero.
498 2529 587 2582 Dixit:
606 2530 758 2599 dextraque
772 2527 910 2583 molarem

86 2598 217 2663 Sustulit,
237 2607 266 2650 et
277 2614 411 2668 magnum
425 2614 528 2669 magno
540 2600 689 2651 conamine
700 2598 784 2653 misit.

86 2667 165 2720 Illius
177 2666 304 2736 impulsu
319 2684 384 2719 cum
396 2669 521 2720 turribus
535 2669 623 2719 ardua
637 2667 717 2719 celsis

87 2737 200 2790 Moenia
211 2746 290 2788 mota
302 2736 412 2800 forent3
428 2752 541 2806 serpens
556 2737 745 2791 sinewulnere
755 2736 865 2791 nantis

86 2805 261 2876 Loricaeque
275 2806 361 2858 modo
374 2807 497 2875 squamis
510 2807 656 2873 defensus,
676 2815 704 2859 et
714 2814 793 2861 atrae

86 2876 197 2928 Duritia
229 2875 306 2939 eliis,
323 2876 430 2928 validos
443 2884 508 2929 oute
519 2877 624 2946 repulit
635 2877 716 2930 ictus.

86 2949 123 2996 At
133 2962 191 2996 non
243 2944 310 2996 iltis
322 2944 446 2997 iaculum
460 2963 572 3016 quoque
582 2946 669 3000 vincit
680 2947 788 3016 eadem,

88 3013 172 3075 Quod
186 3014 281 3067 medio
292 3013 386 3066 lentae
396 3014 483 3067 fixum
498 3016 658 3068 curvamine
673 3016 770 3086 spinas

88 3083 232 3149 Constitit,
253 3091 281 3135 et
294 3092 355 3134 toto
371 3083 513 3137 descendit
523 3086 552 3136 in
565 3085 614 3137 ilia
628 3086 715 3138 ferro.

86 3151 154 3211 Illa,
171 3150 273 3204 dolore
283 3152 378 3217 ferox,
397 3161 482 3222 ooput
493 3153 523 3205 in
534 3171 584 3207 sua
596 3164 674 3226 terga
686 3154 809 3220 retorsit,

86 3220 269 3290 Vulneraque
282 3220 422 3291 adspexit,
439 3223 525 3274 lixum
546 3240 581 3274 ue
597 3223 697 3276 hastile
710 3222 872 3278 momordit.

85 3290 191 3359 quue,
209 3291 259 3342 ubi
272 3292 299 3342 vi
312 3292 402 3343 multa
413 3240 667 3360 partamlabefecit
679 3293 709 3345 in
723 3309 846 3361 omnem,
941 3321 944 3327 ·
1011 3284 1048 3340 70

85 3359 140 3417 Vix
151 3367 234 3431 tergo
246 3359 361 3432 aripuiu
378 3360 597 3425 immutantes
607 3363 717 3416 ouibus
728 3363 835 3416 haaret.
990 3382 993 3387 ’
