2350 3834
249 224 701 282 METAMORPHOSEON
719 228 803 283 LIB.
824 231 856 284 V.
993 232 1035 298 83

71 371 145 423 Ense
161 367 246 421 ferit:
264 367 357 421 sentit
371 368 517 422 tinnitibus
532 370 605 424 ensis
617 371 714 425 acutis.

72 441 147 491 Dum
161 445 257 507 stupet
270 442 417 508 Astyages:
434 449 564 492 naturam
577 442 662 493 traxit
675 441 807 497 eandem:
965 438 967 443 ’
984 448 1036 504 205

72 510 292 576 Marmoreoque
302 519 401 560 'manet
412 509 503 561 vultus
516 509 643 562 mirantia
656 511 686 563 in
699 527 758 566 ore.

72 577 198 630 Nomina
208 577 295 647 longa
304 594 385 629 mora
398 586 440 630 est
453 579 545 631 media
560 579 596 631 de
613 579 696 648 plebe
710 581 836 636 virorum

73 646 185 699 Dicere.
220 645 263 696 Bis
277 655 391 698 centurn
403 648 548 699 restabant
563 664 681 717 corpora
693 667 820 720 pugnae:

74 717 210 786 Gorgone
224 714 268 767 bis
282 724 395 768 centurn
406 717 552 785 riguerunt
565 735 684 786 corpora
697 718 763 774 visa.

73 785 203 836 Poenitet
215 783 312 836 iniusti
326 802 401 837 nunc
415 785 535 855 denique
547 787 650 838 Phinea
663 787 739 839 belli.
983 792 1039 847 210

73 853 128 905 Sed
142 851 211 923 quid
223 853 308 924 agat?
325 853 475 907 simadacra
487 856 564 907 videt
575 855 683 908 diversa
696 856 803 926 figuris,

73 922 266 993 Agnoscith
280 939 358 990 suos,
377 932 406 975 et
416 924 532 975 nomine
546 941 687 994 quemque
701 934 815 978 vocatos
911 956 913 963 ‹

73 991 168 1043 Poscit
182 1008 279 1059 opem:
298 992 471 1062 credensque
482 1010 599 1063 partun,
617 995 668 1046 sibi
684 995 816 1062 proxima
825 995 916 1067 tangit

75 1063 215 1129 Corpora:
233 1078 359 1114 marmor
370 1070 459 1114 erant.
495 1064 652 1122 Avertitur,
668 1072 753 1132 atque
771 1064 812 1115 ita
826 1066 950 1135 supplex,

75 1130 278 1199 confessasque
290 1147 403 1197 manus,
423 1131 592 1252 obliquaque
608 1132 723 1184 brachia
737 1132 863 1201 tendens,
984 1138 1037 1196 215

73 1199 186 1265 Vincis,
205 1201 258 1265 ait,
276 1203 392 1253 Persen:
410 1217 524 1253 remove
552 1218 600 1253 era
613 1209 752 1266 monstra,
770 1210 892 1275 tuaeque

73 1268 209 1321 saxificos
220 1269 325 1334 mltos,
342 1286 469 1340 quaecun
491 1287 526 1322 ue
537 1287 585 1334 ea,
605 1270 675 1322 tolle
688 1271 828 1327 Medusae.

72 1337 168 1404 Tolle,
207 1355 305 1402 recor:
323 1355 381 1392 non
392 1356 445 1391 nos
460 1288 556 1392 obium
566 1340 681 1410 regnive
696 1341 799 1409 cupido

74 1355 218 1475 Compuiit
229 1407 265 1458 ad
278 1407 401 1460 bellum:
419 1426 471 1477 pro
485 1411 605 1479 coniuge
615 1409 753 1462 movimus
768 1427 855 1466 uma.

73 1477 163 1528 Causa
179 1476 234 1527 fuit
244 1477 354 1533 meritis
363 1478 464 1530 melior
481 1486 545 1541 tua,
563 1488 690 1547 tempore
704 1488 809 1533 nostra.
984 1483 1039 1539 ξω

72 1547 139 1599 Non
151 1545 265 1597 cessisse
277 1548 362 1616 piget.
397 1547 488 1613 Nihil,
507 1565 524 1599 o
537 1548 705 1612 fortissime,
724 1559 837 1617 praeter

73 1617 155 1667 Hanc
168 1615 293 1669 animam
306 1617 430 1668 concede
441 1618 525 1671 mibi:
541 1626 591 1669 tue
610 1627 721 1671 caetera
735 1627 827 1673 sunto.

72 1685 153 1736 Talia
168 1683 290 1748 dicenti,
308 1680 400 1765 neque
415 1702 494 1753 eum,
513 1703 598 1767 quern
614 1703 685 1738 voce
698 1687 827 1756 rogabat,
840 1732 843 1737 ,

72 1753 226 1822 Respicere
242 1753 371 1817 audenti,
391 1754 487 1821 Quod,
506 1764 559 1820 att,
577 1755 751 1809 timidissime
766 1752 880 1825 Phineu,

73 1825 107 1874 Et
120 1839 236 1892 possum
245 1823 392 1889 tribuisse,
409 1832 438 1876 et
449 1842 496 1876 ma
535 1841 697 1876 unimanus
711 1825 795 1876 inerti
813 1834 864 1893 est,
985 1828 1038 1886 225

72 1894 150 1944 Pone
162 1901 293 1958 metum,
304 1893 439 1946 tribuam:
457 1911 496 1945 nu
519 1910 535 1944 o
554 1893 695 1947 violabere
706 1892 793 1947 ferro.
845 1898 847 1903 ⁴

75 1962 149 2024 Quin
164 1961 252 2014 etiam
264 1978 397 2014 mensura
410 1962 482 2015 dabo
494 1971 678 2014 monumenta
692 1978 743 2029 per
758 1979 875 2028 aeuum3

73 2033 163 2100 Inque
177 2031 263 2085 domo
278 2031 369 2084 soceri
383 2048 493 2100 semper
504 2031 666 2099 spectabere
682 2031 781 2097 nostri,

74 2103 112 2151 Ut
126 2116 192 2153 mea
205 2117 236 2151 se
246 2100 340 2168 sponsi
357 2100 464 2155 soletur
477 2101 602 2169 imagine
616 2100 725 2154 coniux.

73 2169 164 2220 Dixit:
184 2176 213 2220 et
226 2170 377 2238 inpartem
388 2170 562 2237 Phorcynida
577 2168 722 2221 transtulit
732 2168 821 2235 illam,
985 2171 1040 2232 280

18 2248 19 2255 ’
73 2237 117 2289 Ad
131 2255 220 2306 quarn
233 2254 262 2289 se
273 2238 383 2306 trepido
397 2239 515 2291 Phineus
528 2239 688 2291 obverterat
702 2255 760 2292 ore.

73 2309 156 2359 Tum
164 2324 279 2376 quoque
294 2308 407 2360 consuti
419 2325 469 2360 sua
481 2308 598 2361 flectere
614 2309 723 2360 lumina
737 2307 831 2361 cervix

73 2376 214 2446 Diriguit,
232 2393 353 2458 saxoque
367 2377 515 2430 oculorum
528 2378 654 2430 induruit
667 2377 778 2429 humor.

74 2445 131 2497 Sed
146 2455 243 2497 tamen
256 2463 287 2498 os
300 2445 448 2512 timidum,
467 2447 614 2516 vultusque
624 2449 654 2498 in
668 2462 809 2498 marmore
820 2444 945 2515 supplex,

74 2515 293 2584 Submissaeque
307 2532 422 2582 manus,
440 2516 583 2585 faciesque
598 2515 717 2568 obnoxia
729 2514 843 2567 mansit.

111 2585 211 2636 Victor
222 2584 390 2637 Abantiades
404 2583 508 2665 patrios
525 2602 591 2637 cum
609 2583 729 2654 coniuge
742 2599 839 2636 muros

74 2656 183 2714 Intret,
201 2662 230 2706 et
243 2652 377 2706 immeriti
389 2654 489 2706 'under
500 2653 632 2723 ultorque
644 2654 768 2722 parentis

74 2722 248 2793 Aggreditur
259 2725 403 2775 Proetum:
422 2736 487 2777 narn
500 2722 589 2777 fratre
601 2740 651 2790 per
665 2739 744 2774 arma
757 2721 856 2793 fugato

74 2792 253 2843 Acrisioneas
264 2795 380 2845 Ptoetus
395 2791 556 2862 possederat
566 2808 654 2844 arces.

75 2860 133 2913 Sed
147 2863 200 2913 nec
212 2876 266 2930 ope
281 2877 440 2927 annorum,
457 2878 525 2925 nec,
544 2876 630 2930 quam
642 2860 716 2913 male
732 2869 858 2930 ceperat,
876 2876 943 2914 arce
984 2860 1038 2918 240

19 2960 20 2965 =
73 2932 170 2983 Torva
182 2929 348 2983 colubriferi
359 2929 612 2999 supereritlumine
624 2930 752 2984 monstri.

111 3001 154 3051 Te
166 3007 279 3064 tamen,
299 3003 329 3052 o!
348 3017 449 3069 parvae
464 3009 573 3062 rector,
592 2999 641 3051 Pol
660 2999 757 3066 decta,
774 2998 893 3070 Seriphi,

19 3126 20 3129 ,
74 3069 139 3123 Nec
153 3067 259 3121 iuvenis
271 3070 372 3133 virtus,
389 3086 441 3139 per
452 3076 497 3121 tot
508 3078 633 3138 spectate
642 3018 764 3135 iabores,

19 3198 20 3205 ἵ
73 3139 139 3191 Nec
151 3136 227 3190 mala
237 3137 413 3199 mollierant:
431 3138 480 3190 sed
492 3139 662 3191 inexorabile
676 3138 760 3192 durus

19 3242 20 3245 =
73 3210 198 3260 Exerces
210 3205 320 3259 odium:
333 3224 391 3264 nec
405 3207 500 3277 iniqua
511 3207 574 3259 finis
586 3209 616 3258 in
629 3209 672 3258 ira
685 3216 735 3262 est.

19 3296 21 3329 l
73 3279 227 3329 Detrectas
244 3277 328 3328 etiam
338 3275 450 3341 laudes,
469 3276 621 3344 fictamque
633 3275 761 3333 Medusae

19 3336 21 3435 ,
74 3342 181 3417 arguis
194 3359 250 3399 esse
264 3362 389 3411 necem-r
406 3346 538 3400 Dabimus
548 3346 601 3398 tibi
611 3345 812 3418 pignoraveru
