2350 3834
139 215 209 277 qm
415 213 446 267 r.
468 210 617 268 ovum
631 210 830 270 ‹nneouts

146 360 199 418 880
216 360 284 410 Care
297 356 358 409 vale
373 354 488 425 Cinyra,
506 369 675 425 assamque
687 353 775 410 intell'
823 356 934 426 menis,

215 428 303 491 Dixit,
321 434 349 479 et
364 428 477 495 aptabat
490 426 606 494 pallenti
616 424 728 480 vincula
742 373 826 479 cilo.

212 500 362 566 Murmura
372 496 524 548 verborum
535 495 606 547 fidas
617 494 735 546 nutricis
749 494 786 548 ad
800 512 880 552 aures

176 581 179 588 ·
216 565 374 619 Pervenisse
386 565 496 631 ferunt,
513 565 601 616 limen
617 562 751 620 seruantis
768 564 908 618 eliimnae.

216 634 310 705 Surgit
321 651 404 699 anus,
420 643 582 703 reseratque
598 633 689 686 fores:
705 634 859 703 mortisque
875 640 992 702 paratae

74 763 76 772 ,
148 706 200 764 385
217 709 404 756 Instrumenta
416 703 527 766 videns,
544 703 634 771 spatio
647 701 809 758 conclamat
821 703 930 768 eodem,

187 801 189 805 ·
218 778 307 842 Seque
321 773 406 838 ierit,
420 771 577 840 scinditque
590 772 682 835 sinus,
701 781 850 840 ereptaque
863 771 939 824 collo

221 842 338 896 Vincula
349 842 473 894 dilaniat
506 843 579 894 Tum
594 840 713 922 denique
727 841 796 892 llere
810 841 934 904 vacavit3

217 914 289 964 Tum
305 912 372 963 dore
385 910 562 979 complexus,
577 910 729 979 laqueique
738 911 882 979 requirere
896 926 1016 966 mirsam.
1038 935 1050 946 -

218 985 294 1033 Muta
307 981 369 1033 silet
378 982 473 1051 virgo,
489 990 652 1047 terramque
666 979 784 1032 immota
795 987 900 1046 tuetur,

150 1050 202 1106 390
218 1054 252 1102 Et
266 1051 399 1119 depenssa
411 1048 488 1101 dolet
503 1047 600 1100 tardae
614 1047 761 1100 conamina
773 1049 880 1102 mortis.

219 1122 307 1171 instat
319 1136 403 1183 anus;
420 1135 491 1170 cano
525 1135 561 1169 ne
573 1134 652 1181 suos,
671 1126 699 1169 et
713 1117 805 1172 inania
816 1117 924 1172 nudans

218 1190 325 1255 Ubera,
339 1205 391 1258 per
399 1204 485 1240 cunas
525 1188 688 1255 imentaque
699 1187 801 1254 prima*
821 1195 941 1254 recatur,

220 1262 256 1309 Ut
269 1258 321 1310 sihi
334 1258 507 1312 committat.
524 1255 661 1326 quidquid
674 1255 758 1308 dolet.
827 1274 843 1306 a
854 1263 1005 1326 rogantur

218 1330 349 1379 Aversata
361 1326 458 1396 gemit.
494 1327 575 1377 Certa
584 1334 626 1377 est
639 1325 899 1394 exqtiirerenutrix,
1014 1353 1017 1356 ι
1037 1333 1043 1346 '

150 1395 202 1453 895
220 1398 278 1447 Nec
291 1394 531 1464 solamspondere
544 1394 640 1456 fidem,
674 1393 741 1459 Dic,
759 1393 864 1463 ineptit,
882 1411 1020 1466 opemque

220 1467 265 1516 Me
280 1464 339 1516 sine
350 1464 426 1516 ferre
438 1464 504 1523 tibi,
523 1481 581 1516 non
596 1472 637 1515 est
649 1479 714 1515 mee
726 1463 807 1533 pigra
816 1473 954 1519 senectus.
997 1511 1000 1518 „

220 1538 274 1585 Seu
288 1533 369 1585 furor
384 1542 435 1594 est;
453 1532 560 1600 habeo,
577 1529 878 1602 quaecarminesanet
892 1533 1037 1588 ethereis.
1090 1571 1094 1580 .

219 1602 282 1655 Sive
295 1603 396 1672 aliquus
407 1603 521 1666 nocuit,
538 1604 652 1671 magico
662 1601 818 1654 lustrabere
828 1602 894 1656 ritu.

220 1672 283 1723 sive
297 1682 338 1725 est
354 1673 395 1726 ira
410 1672 511 1735 deum3
527 1672 613 1723 sacris
627 1670 772 1739 placabilis
787 1670 838 1724 ira.

150 1739 204 1798 400
222 1741 293 1805 Quid
305 1758 369 1802 rear
381 1741 516 1794 ulterius?
532 1750 612 1794 certe
626 1740 740 1792 farmus
751 1739 907 1810 domusque

221 1815 333 1879 Sospes,
352 1819 380 1862 et
393 1810 424 1872 in
437 1827 520 1864 cursu
535 1818 590 1875 est;
608 1809 703 1860 neunt
715 1810 912 1879 genetrixque,
922 1819 1072 1882 paterque,

220 1880 348 1948 Myrrha,
366 1888 446 1949 patre
460 1879 571 1945 audito,
588 1879 706 1947 suspiria
720 1875 798 1930 duiit
812 1879 847 1931 ab
859 1879 917 1932 imo

219 1951 344 2001 Pectore.
370 1952 438 2003 Neo
451 1949 546 2006 nntnx
558 1948 714 1999 etiamnum
726 1947 849 2017 concipit
862 1947 954 2001 ullum

219 2021 313 2070 Mente
325 2018 419 2072 nefas:
436 2018 617 2088 aliquemque
630 2025 726 2069 tamen
736 2017 888 2086 praesentit
899 2034 1038 2074 amorem.

151 2085 204 2144 405
221 2087 413 2167 Propositiqne
424 2096 523 2151 tenax,
542 2086 731 2156 quodcunque
742 2085 792 2151 sit,
809 2095 886 2149 orat,
904 2087 1001 2158 utipsi

221 2156 342 2221 indicet,
361 2165 389 2209 et
404 2156 514 2227 yemis>
527 2155 724 2208 lacrimantem
736 2154 812 2210 tollit
825 2154 905 2209 anili:
1026 2207 1031 2220 ,

222 2230 312 2295 Atque
324 2225 363 2277 ita
374 2226 563 2295 complectens
579 2223 700 2276 infirmis
710 2224 840 2277 membra
848 2222 973 2292 lacertis,

223 2295 377 2359 Sensimus,
393 2294 498 2364 inquit,
516 2311 609 2346 unas:
628 2293 698 2346 etin
714 2293 768 2345 hoc
782 2310 861 2358 mea,
877 2295 1105 2363 ponetimorem,

222 2363 358 2416 sedulitas
372 2363 426 2416 erit
437 2373 503 2434 apta
514 2363 579 2415 tibi:
596 2379 651 2415 nec
663 2362 764 2416 sentiet
776 2379 902 2434 unqum
986 2413 992 2428 ,

152 2434 206 2492 410
222 2437 282 2486 Hoc
294 2442 384 2503 pater.
404 2455 408 2470 τ
418 2433 532 2486 Exsiluit
535 2432 653 2554 gentio
663 2431 835 2498 furibunda,
844 2441 942 2485 torum

223 2507 277 2556 Ore
290 2519 434 2572 premens,
450 2502 533 2556 Disce
576 2540 583 2560 ‚
603 2518 719 2569 precor,
735 2501 895 2572 miseroque
966 2502 1011 2556 ori

221 2574 319 2639 Parce,
331 2572 378 2625 ait.
413 2572 545 2639 Instanti,
563 2569 695 2637 Discede,
705 2579 762 2622 ant
772 2570 875 2637 desine,
890 2570 969 2638 dixit,

222 2645 363 2705 Quaerere
377 2641 444 2711 quid
459 2641 579 2694 doleam.
600 2640 697 2692 Scelus
711 2648 763 2706 est,
779 2639 855 2710 quod
867 2639 938 2694 scire
951 2641 1073 2700 lahem.
1152 2701 1153 2704 Ἴ

85 2771 96 2777 η,
222 2714 324 2762 Horret
339 2728 422 2773 anusq
438 2710 629 2778 tumidasque
641 2709 884 2778 maruasannisque
896 2718 1033 2781 metuque

153 2777 206 2835 415
222 2780 339 2843 Tendit,
358 2788 387 2832 et
399 2789 464 2832 ante
479 2779 563 2850 pedes
577 2778 693 2848 supplex
704 2777 866 2847 procumbit
875 2778 1023 2845 alumnae3

200 2887 203 2892 ,
222 2851 256 2900 Et
267 2849 352 2901 modo
362 2849 520 2912 blanditur,
537 2846 637 2912 modo,
654 2847 679 2899 si
689 2863 748 2902 non
760 2847 873 2902 conscia
884 2843 943 2913 fiat,

223 2920 338 2984 Terret,
355 2926 385 2969 et
398 2917 533 2969 indicium
544 2917 652 2986 laquei,
668 2924 840 2986 coeptaeque
852 2916 979 2971 minatur

222 2987 336 3052 Mortis,
353 2994 381 3037 et
392 2986 518 3038 officium
532 2985 681 3038 commisso
695 2985 814 3053 spondet
827 2985 925 3038 amori.

222 3054 328 3107 Extulit
337 3053 387 3104 illa
399 3064 496 3122 capnt,
512 3054 691 3123 lacrimisque
701 3053 945 3123 implevitohortts
1002 3103 1006 3110 .

155 3121 209 3180 420
224 3127 343 3182 Pectora
352 3124 483 3175 nutricis:
500 3133 656 3192 conataque
668 3139 751 3191 saepe
764 3123 858 3188 fateri,

219 3196 313 3259 Saepe
326 3199 405 3244 tenet
416 3208 516 3244 rocem
544 3192 761 3263 pudibundaque
772 3192 893 3248 restibus
903 3207 956 3245 ora

225 3263 318 3312 Texit:
336 3269 380 3325 et,
397 3264 435 3327 0,
455 3260 534 3327 dixit,
551 3261 665 3313 felicem
678 3261 796 3331 conusge
810 3262 946 3316 matrem!
1028 3261 1033 3274 ’

225 3331 378 3382 Hactenus:
397 3338 426 3382 et
436 3331 552 3399 gemuit.
587 3328 968 3399 Gelidosnutriciainattus,
