2350 3834
142 195 146 207 ’
224 239 671 311 Marnuoaraosaon
694 223 777 302 uis.
800 246 867 300 vu:

62 394 91 446 si
124 393 193 444 ietas
204 389 263 442 ulla
277 399 328 459 est,
345 408 399 445 nec
414 407 476 461 spes
487 390 611 463 agitastis
624 391 733 456 inanes3

62 467 84 514 0
118 462 196 515 cium
206 470 345 528 praestate
358 462 440 531 patri,
457 461 577 529 telisque
591 470 735 514 senectam

60 531 178 603 Eripite,
199 537 228 581 et
237 531 345 583 saniem'
359 530 485 584 coniecto
501 531 619 582 emittite
634 530 722 584 ferro.

60 601 120 666 His,
137 607 171 651 ut
183 615 310 669 quaeque
321 601 368 669 pia
380 610 429 667 est,
445 599 604 652 hortatibus
621 599 709 670 impia
719 597 815 669 prima
830 605 886 653 est:

60 671 96 723 Et
109 685 147 721 ne
160 668 197 719 sit
210 668 355 738 scelerata,
372 669 443 722 facit
452 668 550 721 scelus.
575 669 656 720 Haud
668 678 763 721 tamen
777 669 849 722 ictus

61 738 127 791 Ulla
137 754 202 790 suos
216 754 228 788 s
249 746 342 791 ectare
356 746 463 807 potest:
482 738 635 807 oculosque
648 739 809 808 reflectunt,

60 810 208 877 Caecaque
239 816 288 858 ant
300 808 386 859 saevis
399 823 511 859 aversae
523 806 639 859 vulnera
651 807 761 860 dextris.

61 876 124 942 Ille,
143 892 245 928 cruore
259 876 359 942 fluens,
379 877 474 929 cubito
488 887 584 927 tamen
595 875 698 927 allevat
711 883 797 942 artus,
828 876 831 881 ’

61 945 273 1016 semilacerque
285 956 348 998 toro
361 953 452 999 tentat
458 961 642 1065 consui-pere:
651 953 678 997 et
685 945 760 997 inter

62 1014 561 1085 Totmediusgladiospallentiabrae
581 1013 742 1082 intendens,

63 1082 138 1149 Quid
152 1083 254 1147 facitis,
272 1084 391 1154 pratae?
428 1083 476 1135 uid
489 1101 540 1135 vos
553 1085 582 1133 in
594 1082 654 1134 fata
665 1082 790 1152 parentis

61 1158 174 1219 Armet,
194 1152 253 1204 ait?
270 1154 397 1206 cecidere
409 1103 466 1204 hiis
480 1153 621 1223 animique
634 1167 799 1223 manusque.

61 1222 149 1275 Plura
155 1221 288 1274 locuturo
302 1240 368 1275 cum
381 1221 473 1273 verbis
490 1230 604 1294 guttura
619 1219 729 1273 Colchis

63 1290 198 1359 Abstulit,
213 1299 243 1342 et
261 1291 358 1343 calidis
370 1291 505 1343 laniatum
519 1290 616 1342 mersit
632 1290 718 1345 ainis.

98 1360 247 1424 Quodnisi
259 1361 386 1430 pennatis
397 1360 572 1432 serpentibus
585 1360 651 1411 isset
667 1359 697 1411 in
708 1373 805 1426 auras—3
859 1385 864 1400 x

61 1430 129 1483 Non
144 1437 257 1481 exemta
270 1430 346 1482 foret
359 1438 475 1498 poenae.
510 1430 594 1501 Fugit
608 1429 665 1481 alta
677 1443 816 1503 superque

61 1498 161 1551 Pelion
171 1499 345 1567 umbrcsm
361 1498 497 1569 Philyreia
509 1506 593 1566 tecta,
610 1514 748 1568 superpue

62 1567 183 1636 Othryn,
202 1576 232 1620 et
245 1578 346 1620 eventu
358 1568 459 1621 veteris
469 1567 535 1620 loca
548 1578 617 1621 nota
630 1567 770 1622 Cerambi.

62 1637 118 1689 Hic
131 1653 185 1706 ope
200 1638 394 1706 Nympharum
406 1637 532 1690 sublatus
544 1636 575 1688 in
587 1639 653 1689 a'e'ra
666 1635 776 1705 pennis,

63 1708 134 1758 Cum
183 1706 241 1759 avis
252 1706 344 1759 infuso
358 1707 442 1759 tellus
459 1707 535 1758 foret
554 1706 655 1759 obruta
666 1713 763 1775 ponto,
803 1719 809 1727 “

62 1722 265 1829 Βεαοαῖξοηευ
285 1775 383 1847 effugit
392 1776 539 1829 inobrutus
552 1775 650 1830 undas.

62 1844 192 1897 Aeoliam
204 1846 320 1897 Pitanen
333 1862 350 1896 a
361 1845 441 1899 laeva
457 1853 536 1926 parte
546 1843 690 1914 relinquit,

63 1915 206 1984 Factaque
223 1916 258 1967 de
272 1931 337 1966 saxo
349 1914 428 1986 longi
445 1913 598 1966 simulacra
613 1910 750 1978 draconis,

14 2032 16 2039 .
63 1983 238 2053 Idaeumque
252 2000 364 2036 nemus:
383 2000 448 2053 quo,
460 1983 520 2034 nati
534 1982 619 2049 furta,
637 1981 786 2034 iuvencum

65 2050 195 2106 occuluit
207 2053 292 2105 Liber
306 2052 370 2104 falsi
384 2053 434 2105 sub
448 2051 571 2122 imagine
585 2050 675 2103 cervi:

65 2124 185 2191 Quaque
196 2130 278 2190 pater
288 2121 403 2190 Corythi
413 2139 501 2191 parva
513 2120 669 2188 tumulatus
686 2132 787 2172 arena:

64 2192 99 2242 lit
114 2207 184 2260 quos
199 2194 295 2244 Maera
310 2208 382 2244 novo
395 2192 500 2243 latratu
511 2190 613 2242 terruit
628 2204 722 2260 agros:

65 2259 254 2331 Eurypylique
267 2261 377 2327 urhem,
435 2262 533 2313 aCoae
549 2275 655 2312 cornua
669 2264 776 2308 matres

68 2329 225 2395 Cesserunt,
242 2339 305 2381 tum
319 2346 385 2381 cum
418 2329 553 2382 ’scederet
564 2327 692 2380 Herculis
705 2331 822 2398 agmen!

67 2395 280 2468 Phoebeamque
292 2399 417 2459 Rhodon,
436 2408 464 2451 et
474 2397 585 2466 lillysios
598 2396 756 2461 Telchinas,
783 2456 786 2460 γ

68 2467 197 2529 Quorum
210 2467 308 2520 oculos
321 2469 382 2537 ipso
395 2468 523 2520 vitiantes
535 2467 612 2518 omni
630 2465 691 2517 visu
741 2463 746 2474 ’

68 2535 174 2604 Iupiter
191 2552 297 2603 exosus,
309 2536 438 2589 fraternis
452 2535 574 2588 subdidit
586 2532 684 2585 undis:

68 2603 179 2662 trusit
191 2614 221 2658 et
233 2606 363 2676 antiquae
377 2605 506 2658 Cartheia
517 2604 631 2655 moenia
645 2603 724 2666 Ceae,

70 2674 131 2735 Qua
143 2682 226 2742 pater
236 2675 394 2727 Alcidamas
404 2673 544 2743 placidam
558 2671 592 2723 de
604 2686 723 2739 corpore
740 2674 823 2720 natae

69 2741 219 2796 trintum
233 2752 294 2797 erat
306 2744 383 2796 nasci
395 2742 518 2812 potuisse
532 2740 709 2794 columbam:

69 2810 137 2863 Inda
151 2810 230 2865 lacus
242 2813 340 2882 Hyries
350 2812 434 2879 videt,
453 2820 482 2865 et
489 2810 610 2881 Cycneia
619 2811 734 2928 Tempe,
804 2871 809 2886 ¹

71 2880 149 2941 Quae
164 2880 271 2934 orbitus
288 2881 441 2937 celebravit
452 2881 524 2933 olor.
548 2881 621 2931 Nam
632 2878 690 2947 Phy
701 2875 755 2929 lius
769 2872 829 2940 illic

68 2948 192 3017 Imperio
201 2950 281 3020 pueri
293 2950 478 3020 volucresque
488 2950 636 3019 ferumque
646 2948 759 3000 leonem

69 3016 235 3072 'lhadiderat
246 3019 381 3072 domitos:
396 3028 509 3072 taurum
523 3034 634 3089 quoque
649 3015 761 3072 Vincere
773 3013 861 3067 imm
905 3083 912 3100 ,

70 3085 191 3154 Vicerat,
202 3097 241 3154 et,
257 3097 352 3158 spreto
362 3088 446 3141 toties
456 3088 544 3141 iratus
556 3102 662 3152 amore,

70 3154 180 3208 Premis
190 3157 317 3226 poscenti
327 3166 441 3209 taurum
453 3173 584 3227 suprema
597 3162 722 3227 negarat.

70 3221 125 3274 me
136 3222 301 3297 indignatus,
318 3225 415 3296 Cupies
426 3226 502 3293 dare,
521 3226 601 3277 dixit:
621 3233 649 3277 et
663 3223 722 3276 alto

70 3289 188 3345 Desiluit
199 3311 274 3350 saxo.
301 3295 399 3348 Cuncti
413 3295 544 3348 cecidisse
555 3293 704 3363 putabant:

71 3360 173 3414 Facta·
184 3362 246 3418 olor
255 3363 342 3418 niveis
353 3364 493 3435 pendebat
505 3362 608 3415 inclita
621 3359 728 3433 pennis.

961 243 1021 309 119
