2350 3834
241 184 693 263 neranoiaaosaon
711 204 786 258 rna
804 206 876 260 nu.
973 207 1038 289 249

79 353 177 407 Paruit
190 355 311 410 Aeneas:
325 366 354 411 at
365 350 551 411 formidabilis
565 350 631 405 Orci

79 423 158 489 Vidit
169 439 246 492 opes,
259 435 408 497 atavosque
420 442 493 490 suos,
504 421 693 492 umbramque
707 419 825 474 senilem

80 493 253 563 Magnanimi
266 496 413 577 iqnchisae:
429 492 527 547 didicit
541 508 652 561 quoque
667 490 729 542 iura
743 490 882 561 locorum,
962 516 965 523 ·

81 566 159 626 Quae
180 579 215 613 ue
228 583 307 618 novis
321 574 412 618 essent
424 560 552 617 adeunda
565 560 691 629 pericula
703 559 795 616 hellis.

80 580 256 691 lndeierens
269 635 353 688 lassos
368 651 465 687 averso
478 630 593 683 tramite
606 646 710 697 passus,

81 704 151 752 Cum
167 700 238 755 duce
249 706 371 757 Cumaea
381 703 455 755 fallit
471 715 600 753 sermone
613 699 749 754 laborem.

79 771 154 822 Dum
195 772 276 826 aiter
286 772 459 826 horrendum
473 786 523 839 per
539 785 626 836 opaca
638 767 803 836 crepuscula
815 764 913 840 carpit,

80 842 135 891 Seu
168 857 201 892 ea
213 850 247 894 tu
257 859 397 911 praesens,
413 858 461 893 seu
473 839 513 890 dis
528 836 694 907 gratissima,
709 835 790 889 dixit:

79 909 208 961 Numinis
222 910 310 963 instar
323 909 378 963 eris
391 925 502 978 semper
515 905 599 958 mihi:
614 923 717 975 meque
729 904 842 961 fatebor

79 978 203 1030 Muneris
214 995 272 1032 esse
285 980 334 1043 tui,
351 997 423 1049 quae
435 994 481 1031 me
491 976 555 1028 loca
568 974 666 1026 mortis
682 974 770 1041 adire,

80 1050 158 1110 Quae
170 1046 236 1103 loca
246 1065 292 1101 me
307 1049 381 1101 visae
395 1046 508 1103 voluisti
521 1045 640 1097 evadere
651 1044 758 1097 mortis.

78 1117 133 1168 Pro
149 1115 249 1185 quibus
264 1118 355 1171 aerias
368 1116 474 1170 meritis
490 1123 602 1166 evectus
616 1113 652 1165 ad
665 1130 747 1164 auras

79 1185 198 1265 Templa
211 1187 264 1238 tihi
276 1195 407 1254 statuam,
421 1186 542 1237 tribuam
556 1183 610 1234 tibi
620 1182 690 1233 turis
702 1181 850 1237 honorem.

79 1254 205 1322 Respicit
219 1255 295 1309 hunc
309 1265 393 1324 vates,
407 1264 436 1307 et
448 1253 631 1322 suspiratibus
643 1251 756 1318 haustis,

79 1326 139 1377 Nec
155 1323 206 1375 dea
223 1342 293 1391 sum,
307 1325 385 1392 dixit,
401 1341 454 1376 nec
470 1322 543 1375 sacri
556 1321 625 1373 turis
638 1321 746 1381 honore

79 1395 241 1445 Humanum
254 1394 369 1465 dignare
384 1402 477 1462 caput.
494 1394 556 1444 Neu
568 1389 678 1442 nescius
692 1405 783 1454 erres;

78 1463 270 1515 Lux'aeterna
283 1463 362 1529 mihi,
378 1462 557 1531 carituraque
570 1460 626 1512 fine
641 1458 771 1528 dabatur,

78 1532 109 1583 Si
122 1547 188 1583 mea
200 1533 344 1603 virginitas
359 1533 471 1585 Phoebo
479 1530 620 1652 (patuisset
631 1528 746 1582 amanti.

78 1602 154 1652 Dum
167 1608 264 1655 tamen
276 1601 348 1655 hanc
361 1610 464 1671 sperat,
499 1618 546 1651 um
556 1613 809 1668 praecorrumpere
823 1595 902 1650 donia

78 1671 125 1722 Me
142 1670 235 1739 cupit3
248 1670 334 1742 Elige,
347 1671 394 1737 ait,
404 1671 485 1741 virgo
501 1671 630 1730 Cumaea,
645 1667 713 1736 quid
727 1676 824 1736 optes:

81 1739 190 1807 optatis
202 1739 312 1809 potiere
326 1740 391 1795 tuis.
408 1743 465 1810 Ego
477 1737 599 1807 pulveris
613 1735 705 1787 hausti

80 1807 234 1861 Ostendens
245 1809 398 1875 cumulum,
414 1816 484 1889 quot
498 1806 617 1859 haberet
632 1821 753 1873 corpora
764 1803 864 1875 pulvis,

79 1879 136 1930 Tot
149 1877 220 1930 mihi
233 1879 339 1931 natales
351 1887 515 1948 contingere
527 1893 600 1928 vana
611 1873 723 1945 rogavi:

78 1946 199 2013 Excidit,
213 1956 340 2017 optarem
352 1949 463 2000 iuvenes
476 1962 587 2016 quoque
602 1943 728 2014 protinus
745 1958 841 1997 annos.

78 2018 137 2068 Hos
149 2025 245 2068 tamen
258 2016 306 2069 illa
321 2016 392 2069 mihi
406 2016 498 2082 dabat,
511 2024 710 2082 aeternamque
725 2013 876 2080 iuventam,

79 2085 110 2136 si
123 2087 263 2138 Venerem
274 2096 394 2156 paterer.
413 2088 558 2138 Contemto
572 2099 690 2135 munere
704 2080 808 2134 Phoebi

78 2154 189 2206 Innuba
204 2172 366 2223 permaneo.
387 2155 439 2208 Sed
457 2155 513 2206 iam
525 2153 639 2205 felicior
650 2160 725 2204 aetas

78 2225 172 2293 Terga
184 2223 269 2291 dedit,
283 2224 461 2294 tremuloque
475 2222 565 2294 gradu
581 2221 658 2274 venit
670 2237 754 2291 aegra
767 2226 905 2286 senectus,

81 2295 161 2356 Quae
180 2293 312 2361 patienda
327 2294 374 2346 diu
390 2303 440 2347 est.
457 2293 600 2346 Narniam
612 2291 683 2342 mihi
696 2288 807 2342 saecula
818 2298 926 2358 septem

80 2365 152 2413 Acta
166 2361 256 2414 vides:
271 2372 404 2432 superest,
416 2379 548 2415 numeros
563 2370 595 2413 ut
608 2359 730 2429 pulveris
745 2374 875 2428 aequem,

79 2432 253 2483 Tercentum
264 2449 375 2498 messes,
391 2441 551 2484 tercentum
565 2440 659 2482 musta
668 2427 772 2481 videre.

79 2500 203 2568 Tempus
219 2500 282 2565 erit,
299 2517 364 2552 cum
375 2518 422 2553 me
435 2500 562 2553 detento
578 2514 697 2567 corpore
713 2512 829 2564 parvam

79 2571 179 2639 Longa
194 2568 251 2621 dies
264 2570 361 2633 faciat,
378 2579 579 2638 consumtaque
595 2566 724 2618 membra
735 2573 849 2616 senecta

79 2638 124 2690 Ad
135 2639 286 2705 minimum
299 2638 463 2709 redigantur
478 2655 556 2691 onus.
574 2640 633 2688 Nec
646 2644 739 2699 amata
750 2633 874 2698 videbor,

79 2709 139 2773 Nec
152 2707 288 2776 placuisse
303 2708 364 2760 deo.
382 2708 508 2760 Phoebus
522 2722 634 2776 quoque
647 2703 765 2756 forsitan
777 2703 836 2772 ipse

81 2775 133 2829 Vel
147 2794 205 2829 non
218 2786 360 2847 agnoscet,
372 2775 417 2827 vel
431 2776 557 2829 dilexisse
569 2774 692 2845 negabit.

81 2849 174 2915 Usque
187 2846 257 2899 adeo
271 2855 381 2901 mutata
394 2846 485 2898 ferar:
497 2845 624 2913 nullique
637 2841 764 2900 videnda,

79 2917 157 2968 Voce
171 2924 266 2967 tamen
276 2933 390 2968 noscat:
404 2931 503 2971 vocem
516 2914 586 2966 mihi
603 2913 663 2964 fata
674 2911 843 2979 relinquent.

116 2984 197 3036 Talia
210 3001 368 3037 convexum
379 3001 431 3053 per
443 2984 498 3037 iter
509 2991 686 3036 memorante
698 2980 810 3048 Sibylla,
870 2978 873 2983 ’

80 3053 198 3106 Sedibus
210 3046 367 3107 Euboicam
382 3053 482 3124 Stygiis
496 3053 616 3123 emergit
628 3052 657 3103 in
668 3051 768 3103 urbem

80 3124 183 3179 Troius
198 3125 319 3175 Aeneas:
333 3124 475 3194 sacrisque
489 3140 503 3176 e
517 3121 704 3185 moralitatis,

81 3193 190 3245 Littera
202 3190 271 3257 adit,
283 3193 408 3245 nondum
421 3193 538 3245 nutricis
550 3191 683 3244 habentia
695 3205 809 3242 nomen.

81 3262 133 3314 Hic
145 3276 259 3331 quoque
272 3261 433 3315 substiterat
446 3270 510 3332 post
523 3261 617 3314 taedia
633 3260 680 3313 lon
703 3277 719 3311 a
733 3259 864 3310 laborum

82 3331 205 3384 Neritius
216 3331 369 3400 Macareus,
385 3349 479 3389 comes
491 3331 657 3402 experientis
672 3335 692 3382 U
709 3329 714 3340 ’
734 3328 774 3393 ei;
