2350 3834
156 164 224 239 aen
320 206 338 221 .·
410 174 456 231 se.
476 168 626 230 uvion
645 170 847 231 nisurus

149 368 153 375 ,
226 327 376 389 Oceanum,
392 329 426 374 et
432 326 531 385 terras,
549 336 673 390 cumque
685 321 743 374 alto
757 321 848 375 sidera
862 320 954 390 eaelo,

224 392 413 462 Pleiadasque,
431 390 605 460 Hyadesque,
623 393 836 460 immunemque
850 391 983 462 aequm
996 395 1096 458 Arcton,

224 462 406 530 Diversaeque
418 460 509 525 urbes,
527 460 703 530 nitidumque
716 461 823 512 Orionis
839 473 943 521 ernam.

155 531 207 588 295
223 530 356 595 Postulat,
372 537 406 580 ut
419 530 519 598 capiet,
534 546 606 598 quae
622 548 678 582 non
695 530 838 601 intelligit,
856 548 946 585 arma.

226 599 319 664 Quid?
337 597 414 670 quod
429 616 485 666 me,
503 599 565 651 duri
578 600 734 669 fugientem
747 617 865 652 munera
877 600 955 669 belli,

224 669 324 740 Arguit
335 670 447 737 incepto
463 685 557 720 serum
570 671 717 721 accessisse
729 669 842 721 labori?

186 789 188 793 .
225 741 285 792 Nec
299 755 328 791 se
340 738 521 808 magnanimo
532 739 701 791 maledicere
714 739 798 790 sentit
810 738 932 791 Achilli?

225 810 255 861 si
270 808 512 861 ammonemur
522 809 645 872 crimem
666 807 855 863 simulavimus
867 808 963 862 ambo.

155 876 208 933 300
225 872 254 932 Si
266 895 349 930 mora
360 895 412 947 pro
427 877 510 947 culpa
524 886 582 943 est3
601 894 654 949 ego
669 894 732 929 sum
743 878 885 928 maturior
894 877 954 930 illo.

225 950 270 1001 Me
287 946 335 1016 pia
344 947 465 999 detinuit
473 947 588 1000 coniux:
607 947 654 1014 pia
666 956 758 1000 mater
768 947 922 999 Achillemr

224 1017 373 1087 Primaque
384 1026 449 1069 sunt
460 1016 516 1068 illis
528 1016 595 1068 data
604 1025 742 1084 tempora,
760 1027 871 1068 caetera
882 1014 972 1067 vohis.
1073 1032 1077 1039 ·

225 1086 306 1138 Haud
318 1089 414 1151 timeo,
433 1085 527 1138 eiiam
542 1102 653 1156 nequeo
666 1085 817 1137 defendere
829 1086 939 1138 crimen

156 1162 160 1169 '
226 1159 295 1209 Cum
306 1162 386 1208 tanto
400 1172 549 1209 commune
562 1157 631 1208 viro.
666 1157 823 1224 Deprensus
837 1154 922 1206 Ulixis

156 1224 208 1279 305
225 1226 342 1296 Ingenio
354 1234 450 1276 tamen
463 1225 528 1290 ille;
547 1233 576 1276 at
587 1241 645 1276 non
658 1225 748 1276 Aiacis
761 1224 860 1279 Ulixes.

224 1297 301 1349 Neve
314 1296 345 1346 in
358 1311 405 1345 me
418 1292 538 1346 stolidae
547 1294 675 1345 oonvioia
692 1293 811 1345 fundere
823 1293 938 1363 linguae

225 1363 404 1415 Admiremur
416 1379 496 1427 earn3
514 1362 594 1415 robis
608 1380 721 1432 quoque
732 1363 817 1444 digna
829 1362 939 1431 pudore

225 1432 334 1485 obiicit.
368 1436 410 1484 Aa
425 1432 498 1485 falso
509 1431 677 1484 Palameden
691 1434 810 1485 erimine
822 1441 905 1500 turpe

144 1537 150 1552 ,
194 1526 206 1535 ··
225 1507 376 1555 Accusasse
387 1501 466 1567 mihi,
482 1502 561 1554 vohis
577 1501 722 1554 damnasse
734 1502 870 1553 decorum
884 1498 945 1559 est?

155 1567 210 1624 310
227 1571 281 1624 Sed
294 1587 387 1641 neque
397 1571 566 1641 Naupliades
579 1571 690 1623 facinus
703 1571 854 1623 defendere
867 1577 989 1634 tantum,

223 1644 349 1721 Tamque
362 1648 469 1710 pateus,
486 1640 591 1693 valuit:
609 1658 663 1693 nec
673 1658 723 1693 vos
739 1640 853 1692 audistis
863 1640 894 1689 in
906 1637 956 1690 illo

226 1712 360 1775 Crimina3
377 1709 494 1772 vidistis,
512 1711 662 1780 pretioque
675 1712 788 1763 obieeta
799 1709 940 1778 patebant.
967 1740 977 1757 a

168 1834 170 1841 Ἴ,
224 1781 283 1833 Neo
296 1779 483 1833 Poeantiaden
497 1779 572 1850 quod
583 1781 670 1831 habet
683 1779 820 1837 Vulcania
833 1782 964 1843 Lemnos,

185 1876 188 1881 ·
224 1852 289 1901 Esse
303 1862 367 1900 reus
382 1850 490 1901 rnenn':
507 1850 616 1901 factum
631 1848 926 1901 defenditevestnuu.

155 1914 207 1970 315
226 1918 407 1987 consensistis
421 1920 503 1985 enim,
520 1935 575 1970 nee
592 1934 638 1969 me
650 1920 765 1970 suasisse
780 1916 903 1986 negabo,

225 1988 262 2039 tte
276 2004 305 2038 se
318 1987 497 2043 subtraheret
509 1987 633 2057 bellique
645 1989 762 2056 viaeque
774 1986 877 2054 labori,
927 1986 930 1991 “

222 2059 412 2127 Tentaretque
427 2058 504 2110 feros
515 2058 612 2126 requie
626 2056 716 2108 lenire
730 2056 851 2108 dolores.

223 2126 331 2192 Paruit3
350 2136 379 2185 et
390 2127 470 2181 sivit.
503 2128 566 2178 Non
578 2126 650 2177 haee
664 2125 802 2189 sententia
814 2130 927 2176 tantum

165 2218 168 2222 ⁴
193 2218 198 2223 ·
223 2195 301 2262 Fida,
316 2197 410 2248 sedet
428 2195 513 2260 felix3
533 2197 648 2246 sumsit
661 2196 737 2262 satis,
754 2211 815 2247 esse
830 2193 954 2245 fidelem.

155 2261 209 2318 320
226 2269 316 2329 Quem
330 2265 463 2333 quoniam
474 2272 552 2317 vates
564 2264 683 2317 delenda
695 2265 732 2316 ad
746 2267 882 2334 Pergama
895 2265 1031 2331 poscunt3

224 2337 266 2388 Ne
282 2335 413 2386 mandate
425 2334 512 2386 mihi:
529 2334 630 2386 melius
642 2334 822 2386 Telansonius
834 2332 897 2396 ibit,

223 2404 398 2474 Eloquioque
412 2404 505 2456 virum
515 2403 621 2455 morbis
633 2404 733 2473 iraque
744 2403 887 2455 furentem
982 2426 985 2431 ·

222 2473 340 2539 Molliet,
358 2481 407 2525 aut
418 2472 515 2544 aliqua
526 2471 664 2541 producet
675 2473 791 2525 callidus
803 2481 873 2524 arte.

191 2564 204 2573 ··
223 2548 294 2594 Ante
304 2553 385 2595 retro
398 2543 498 2595 Simois
510 2543 590 2607 fluet,
609 2552 637 2595 et
648 2543 707 2594 sine
720 2541 866 2594 frondibus
882 2537 931 2590 Ide

155 2596 207 2663 325
225 2611 322 2679 Stabit,
338 2622 370 2665 et
382 2613 516 2665 auxilinm
528 2612 676 2681 promittet
692 2613 798 2664 Achaia
809 2609 925 2669 'haiam

224 2685 324 2747 Quam,
342 2692 468 2734 cessante
483 2699 547 2733 meo
559 2699 614 2750 pro
624 2683 723 2734 restris
736 2690 853 2750 pectore
864 2675 959 2743 rebus,

223 2750 315 2802 Aiacis
323 2752 418 2804 stolidi
432 2753 532 2804 Danais
541 2751 667 2803 sollertia
681 2751 778 2820 prosit.

156 2872 158 2875 ,
223 2821 266 2870 Sis
276 2819 344 2872 licet
359 2822 474 2872 infestus
487 2820 578 2887 sociis,
594 2821 721 2891 regique,
732 2819 873 2888 mihique,

201 2906 204 2915 ¹
224 2890 480 2954 Durel’hiloctete3
497 2889 567 2942 licet
578 2905 730 2957 exsecrere,
748 2899 901 2955 meumque

155 2952 209 3009 830
225 2961 366 3015 Devoveas
376 2960 436 3011 sine
452 2959 508 3010 fine
523 2967 616 3027 caput,
635 2961 784 3029 cupiasque
798 2952 907 3021 dolenti

225 3027 333 3083 Metilii
344 3028 420 3081 forte
435 3027 505 3091 dari,
520 3037 704 3098 nostrumque
718 3029 831 3080 bannire
842 3035 989 3083 eruorem

229 3097 331 3164 [thue
340 3097 382 3147 tui
395 3096 471 3161 mihi,
488 3096 529 3148 sie
540 3094 591 3147 fiat
603 3098 652 3148 tibi
670 3098 753 3166 copia
763 3096 852 3151 nostri
858 3093 879 3162 :J
964 3104 966 3107 '

225 3167 267 3216 Te
280 3172 378 3217 tamen
393 3164 552 3236 aggrediar:
573 3170 755 3237 [mecumque
765 3167 904 3219 reducere
916 3158 1021 3234 nitate}

224 3235 352 3303 Tamque
363 3234 417 3286 tuis
430 3234 529 3302 potiar,
546 3235 639 3286 faveat
652 3240 782 3303 Fortuna,
799 3233 918 3306 sagittisx
948 3234 950 3239 ‘

77 3328 84 3341 ι
159 3295 210 3352 335
229 3297 553 3372 Quamcumbsrdanu,
569 3322 655 3374 quem
665 3307 737 3376 cepi,
754 3314 819 3358 sate
833 3301 965 3374 ponnus
