2350 3834
246 216 877 287 uara-uoaru-osaoumaxuu
967 222 1034 299 2319

76 364 113 416 Et
125 362 184 416 iam
197 362 333 437 promissa
341 372 472 434 poteram
486 382 555 419 cusu
564 363 649 423 laude
663 367 776 421 reverti.
796 407 798 417 .
834 402 836 407 ·

76 433 160 503 Haud
171 437 318 487 contentus
338 451 379 501 ea,
396 435 465 504 petii
477 436 600 489 tentoria
613 435 706 502 Rhesi,
791 494 794 497 A

77 505 166 572 Inque
180 498 236 554 suis
248 503 339 572 ipsum
356 504 453 557 castris
466 505 638 575 comitesque
651 504 773 572 peremi:
982 511 1036 568 250

77 575 173 641 Atque
187 571 227 623 ita
240 573 349 642 captivo
365 574 456 627 victor
467 575 596 643 votisque
608 575 723 643 potitus,
763 590 767 599 ‘

75 641 226 721 ingredior
240 659 329 710 curru
340 641 429 695 laetos
442 641 570 695 imitante
584 642 749 711 triumphos.

78 711 162 762 Cuius
175 726 260 780 equos
274 711 395 779 pretium
408 727 460 780 pro
474 720 558 767 nocte
570 721 735 779 poposcerat
745 711 843 784 hostis,
905 752 907 755 ψ

76 784 165 831 Arma
180 787 281 860 negate
293 780 379 835 mihi:
396 780 502 835 fuerit.
548 780 697 849 benignior
709 781 786 835 Max.
835 822 837 827 ⁴
902 820 905 825 ,

77 848 153 912 Quid
165 848 379 919 Lycureferem
393 854 479 918 Sarpe
500 848 559 901 onie
574 851 686 919 agmina
700 850 778 902 ferro
892 908 896 914 ,
981 857 1035 913 255

76 920 229 970 Devastata
239 918 326 973 meo?
348 936 413 971 cum
424 919 514 971 multo
529 919 664 989 sanguine
677 919 741 970 fudi

77 989 234 1052 Coeranon,
253 987 421 1059 Hippasiden
437 997 474 1055 et,
492 985 684 1057 Alastoraque,
704 988 930 1063 Chromiumque.

76 1055 315 1126 Alcandrmnque,
334 1056 507 1126 Haliumque,
523 1058 947 1133 Noemomque,vPrytaninque,

75 1125 224 1195 Exitioque
236 1124 300 1180 dedi
313 1144 379 1181 cum
392 1125 617 1179 Chersidamante
630 1126 758 1194 Thoona,
814 1150 819 1164 .

76 1197 113 1247 Et
126 1196 281 1264 Charopem
298 1195 418 1265 fatisque
430 1195 584 1249 immitibus
597 1198 745 1248 Ennomon
759 1205 865 1267 actum,
980 1203 1035 1258 260

77 1265 189 1334 Quique
201 1266 292 1317 minus
306 1265 430 1319 celebres
441 1274 537 1318 nostra
549 1265 600 1316 suh
612 1266 759 1330 moenibus
776 1267 854 1319 urhis

76 1334 259 1388 Procubuere
273 1352 368 1388 manu.
402 1336 471 1386 Sunt
485 1342 513 1389 et
524 1334 594 1385 mihi
608 1334 733 1401 vulnera,
751 1334 833 1404 cives,

76 1408 142 1472 Ipso
157 1403 350 1483 pulcraloco:
368 1421 422 1459 uec
433 1403 511 1456 vanis
527 1403 634 1456 credite
648 1404 750 1458 verbis.
766 1464 768 1467 ¹

77 1472 220 1540 Adspicite
235 1475 284 1525 en!
303 1473 475 1543 (vestemque
487 1490 574 1525 manu
588 1472 706 1540 diducit)
725 1482 762 1542 et,
779 1477 857 1531 Haec
868 1484 936 1531 sunt
956 1476 971 1525 ί

76 1544 198 1594 Pectora
207 1559 325 1611 semper,
343 1542 392 1610 ait,
409 1543 506 1594 vestris
522 1543 644 1595 exercita
657 1543 750 1598 rebus.
948 1573 952 1587 ι
981 1547 1033 1606 265

76 1616 114 1663 At
125 1611 346 1680 nihilimpendit
361 1629 412 1680 per
424 1621 468 1663 tot
479 1611 657 1665 Telamonius
672 1629 760 1664 annos

75 1680 268 1800 Sanquinisin
277 1682 377 1745 socios,
395 1690 423 1732 et
432 1681 518 1733 habet
531 1681 591 1737 sine
609 1680 723 1739 vulnere
737 1697 847 1751 corpus.

78 1750 134 1814 Qui
166 1759 261 1819 tamen
270 1750 325 1805 hoc
338 1749 435 1815 refert,
452 1750 476 1801 si
491 1766 520 1802 se
535 1767 586 1819 pro
602 1749 687 1801 classe
701 1749 824 1821 lJelasga'

77 1825 166 1870 Arma
176 1819 270 1881 tulisse
279 1819 368 1885 refert
380 1827 479 1873 contra
491 1821 642 1888 Troasque,
658 1819 830 1889 Iovemque?

78 1888 288 1958 Confiteorque,
305 1887 385 1940 tulit:
403 1904 495 1957 neque
508 1888 583 1941 enim
596 1887 747 1953 benefacta
760 1889 884 1960 maligne
951 1917 960 1937 1>
976 1893 1032 1948 270

77 1961 242 2010 Detrectare
256 1973 351 2025 meum
362 1966 419 2009 est:
436 1957 485 2008 sed
497 1974 554 2022 nec,
566 1956 728 2011 communia
741 1957 816 2010 solus
883 2012 886 2017 ,
915 2000 917 2011 .
1104 1966 1108 1969 ’

78 2032 158 2079 Occu
180 2036 216 2094 et,
233 2035 317 2096 atque
329 2026 452 2095 aliquem
464 2027 541 2078 vohis
558 2043 670 2095 quoque
688 2026 788 2078 reddat
801 2027 950 2084 honorem.

77 2045 193 2165 Repulit
205 2096 357 2161 Actorides,
376 2096 426 2148 sub
440 2094 562 2165 imagine
576 2105 651 2147 tutus
661 2095 783 2163 Achillis,

77 2169 167 2225 Troas
181 2167 215 2219 ab
231 2166 332 2218 arsuris
348 2182 412 2216 cum
427 2164 574 2216 defensore
588 2164 697 2223 carinis.

61 2245 63 2248 ’
77 2241 186 2288 Ausum
200 2235 287 2287 etiam
299 2238 437 2287 Hectoreo
452 2234 543 2293 solum
559 2250 726 2286 concurrere
738 2232 823 2299 Marti
978 2236 1030 2292 275

62 2308 115 2357 ’δε
129 2312 228 2373 putat,⁴
237 2303 340 2356 oblitus
354 2303 498 2373 regisque,·
509 2303 675 2372 ducumque,
693 2303 821 2373 meique;

76 2377 177 2428 Nonus
188 2373 332 2435 in'officio,
351 2381 381 2424 et
390 2372 529 2440 praelatus
541 2389 657 2425 munere
670 2373 760 2426 sortis.

77 2442 135 2496 Sed
145 2451 242 2494 tamen
255 2450 368 2497 eventus
380 2450 498 2508 vestrae,
514 2442 677 2508 fortissime,
694 2459 732 2510 pu
772 2456 805 2493 ae

18 2530 19 2539 ¹
78 2512 148 2577 Quis
163 2511 235 2564 fuiti
253 2514 357 2563 Hector
370 2510 428 2562 abit
439 2510 557 2563 violatus
569 2509 685 2562 vulnere
698 2529 736 2561 nu
759 2528 786 2563 o.

76 2585 126 2635 Me
140 2581 284 2645 miserum,
301 2588 405 2650 quanto
419 2597 507 2649 cogor
515 2578 675 2643 meminisse
688 2578 797 2641 dolore¹
949 2622 951 2626 »
976 2568 1034 2638 2'80
1069 2644 1070 2649 ,

77 2650 228 2719 Temporis
238 2649 323 2717 illius,
340 2665 404 2718 quo,
423 2648 538 2703 Graium
551 2665 656 2712 murus,
674 2647 794 2701 Achilles

76 2720 244 2783 Procubuit!
263 2735 316 2773 nec
329 2735 375 2774 me
388 2717 533 2784 lacrimae,
549 2717 685 2782 luctusve,
703 2717 823 2768 timorve
906 2724 908 2727 “

76 2789 250 2855 Tardarunt,
270 2788 337 2858 quin
350 2801 452 2855 corpus
462 2787 549 2839 humo
560 2785 679 2838 sublime
690 2786 837 2839 referrem.

77 2858 128 2912 His
139 2857 272 2923 humeris,
288 2857 340 2922 his,
357 2856 481 2926 inquam,
497 2855 621 2913 humeris
633 2872 684 2926 ego
699 2872 799 2923 corpus
810 2853 935 2927 Achillis,

76 2932 114 2981 Et
125 2927 209 2980 simul
220 2943 301 2978 arma
310 2926 377 2987 tuli.-
396 2942 467 2995 quae
479 2943 554 2978 nunc
567 2941 678 2995 quoque
691 2924 767 2976 ferre
780 2923 889 2982 laboro.
974 2927 1028 2984 285

78 3003 151 3050 Sunt
161 2995 241 3063 mihi,
258 3011 331 3065 quae
341 2993 451 3053 valeant
462 2994 493 3047 in
504 2994 571 3046 talia
583 2993 717 3063 pondera,
735 2994 822 3050 vires:

77 3070 127 3119 Est
136 3067 364 3135 animusvestros
378 3072 454 3116 certe
468 3080 597 3117 sensurus
608 3063 740 3118 honoras.

78 3136 195 3189 Scilicet
203 3133 311 3187 idcirco
325 3151 377 3202 pro
388 3141 472 3204 gnato
482 3133 601 3199 caerula
607 3143 701 3186 mater

77 3203 235 3257 Ambitiosa
247 3219 297 3255 suo
306 3202 371 3272 fuit,
391 3212 423 3254 ut
435 3202 566 3256 coelestia
579 3203 661 3269 dona,

78 3274 153 3327 Artis
167 3289 237 3341 opus
253 3280 357 3338 tantae,
372 3272 449 3325 rudis
463 3282 492 3325 et
503 3271 563 3325 sina
572 3281 693 3341 pectore⁴
700 3271 781 3324 miles
973 3269 1025 3324 290

79 3341 233 3396 Ιηάιιετεῑὲ
247 3356 339 3412 neque
351 3342 426 3403 euim
439 3341 522 3413 clipei
534 3341 689 3397 caelamina
701 3341 785 3410 norit,

123 3421 245 3474 ovm.II.
793 3419 819 3471 U
