2350 3834
214 217 660 275 METAMORPHOSEON
680 219 761 275 LIB.
783 223 855 277 VIII.

76 368 134 419 Esse
148 373 263 435 putant3
280 363 330 416 sed
341 363 399 417 tela
411 373 507 418 tarnen
518 380 570 417 suu
585 366 702 438 quisque
715 357 872 423 cruentant.
888 395 896 404 =

76 439 132 504 lpse
141 435 214 504 pede
224 433 356 502 imposito
371 444 455 504 caput
467 435 607 488 exitiabile
617 437 729 505 pressit:

75 510 162 574 Atque
176 503 233 568 ita,
249 508 340 560 Sume.
348 504 404 556 mei
416 504 551 573 spolium,
569 506 723 572 Nonacria,
739 506 816 573 iuris,

74 574 159 638 Dixit,
180 583 208 625 et
218 573 248 623 in·
261 581 371 641 partem
383 575 476 625 veniat
485 575 555 626 mihi
566 574 656 645 glorie
669 584 774 634 tecum.

75 643 336 709 Protinusexuvias,
354 642 451 713 rigidis
461 643 605 696 horrentia
617 646 681 696 setis
805 685 808 688 .

75 713 126 763 Ter
146 729 177 778 a,
203 710 267 777 dat,
285 720 315 764 et
329 713 439 782 magnis
452 712 573 783 insignia
586 712 714 765 dentibus
729 729 788 767 ora.

76 779 116 832 Illi
127 729 251 833 laetitiae
265 789 306 832 est
319 797 384 832 curn
396 797 513 833 munere
522 782 648 833 muueris
660 791 768 836 auctor.

76 850 199 901 Invidere
213 849 276 913 alii;
293 858 410 919 totoque
423 857 484 902 erat
494 867 511 901 a
558 851 607 901 ine
617 865 754 904 munitur.

76 920 95 969 Ε
107 920 222 989 quibus,
240 919 348 988 ingenti
359 918 505 971 tendentes
538 919 635 971 rochia
645 935 726 987 voce,

75 988 145 1040 Pone
159 1004 226 1057 age,
243 1003 297 1040 nee
307 988 404 1040 titulos
417 988 566 1109 intercipe,
584 988 709 1055 femina,
726 997 846 1055 nostros,

75 1056 239 1109 Thestiadae
252 1056 389 1110 clamant:
408 1065 502 1110 necte
534 1058 741 1111 daciaforrnae

75 1126 212 1195 Decipiat3
229 1124 371 1197 longeque
381 1135 431 1177 tuo
443 1126 479 1178 sis
493 1136 592 1195 captus
605 1143 702 1179 amora

77 1199 186 1248 Auctor.
221 1198 256 1247 Et
269 1195 335 1247 huic
349 1194 477 1247 adimunt
490 1211 606 1263 munus,
626 1196 668 1247 ius
682 1195 866 1252 munerisillt

75 1266 135 1316 Non
145 1264 227 1329 tulit,
246 1272 275 1315 et
287 1264 397 1315 tumida
408 1265 540 1317 frendens
554 1266 707 1317 Mavortius
719 1265 772 1333 ire,

75 1332 177 1385 Discite
189 1340 316 1402 raptores
332 1332 431 1398 alieni,
451 1334 533 1401 dixit,
550 1334 674 1399 honoris,

75 1403 158 1453 Facta
170 1402 252 1453 minis
268 1411 403 1471 quantum
417 1403 535 1456 distenti
552 1403 700 1472 hatuitque
716 1403 839 1456 nefando

74 1471 190 1523 Pectore
202 1471 338 1539 Plexippi,
357 1471 398 1522 nil
408 1471 465 1523 tale
476 1471 622 1539 timentia,
641 1472 727 1524 ferro.
777 1523 779 1526 .

74 1541 179 1603 Toxea,
197 1540 265 1609 quid
278 1540 380 1605 saciat,
396 1539 529 1607 dubium,
548 1543 711 1611 pariterque
723 1541 866 1594 valentem

74 1608 176 1660 lsscisci
187 1609 322 1675 fratrem,
337 1608 520 1679 fraternaque
530 1610 590 1662 fate
604 1610 761 1675 timentem,
845 1641 849 1648 .

74 1676 155 1729 Haud
171 1671 275 1747 patitur
287 1678 423 1729 dubitare
433 1677 495 1731 diu:
514 1679 636 1731 calidum
657 1695 692 1731 ue
704 1678 794 1748 priori

75 1746 163 1798 caede
175 1745 322 1799 recalfecit
335 1747 459 1802 consorti
471 1748 608 1829 angione
617 1697 718 1802 tilam
785 1787 789 1794 .

105 1818 185 1867 Dona
196 1816 280 1868 deum
291 1816 415 1886 templis,
432 1825 501 1869 neto
513 1825 635 1884 victore,
652 1816 771 1883 ferebat,

76 1886 144 1937 (lum
154 1885 231 1938 ridet
243 1883 380 1938 extinctos
395 1886 511 1952 statres,
527 1886 658 1953 Althaea,
676 1886 787 1941 referri.

76 1956 168 2020 Quae,
184 1954 322 2025 plangore
335 1955 414 2018 dato,
431 1955 546 2007 moestis
557 1955 709 2008 ululatibus
720 1956 822 2008 urbem

74 2024 188 2093 Implet,
206 2034 235 2076 et
249 2033 360 2076 auretas
374 2024 492 2076 mutavit
504 2024 627 2076 vestibat
641 2025 718 2077 atris.

76 2095 108 2143 tt
118 2093 254 2145 simulest
271 2102 371 2145 auctor
383 2092 461 2160 necis
473 2093 577 2158 editus3
597 2094 701 2146 excidit
717 2092 807 2144 omnis

75 2162 191 2229 Luctus,
209 2171 238 2214 et
253 2181 270 2213 a
282 2162 407 2216 lacrimis
418 2163 447 2214 in
462 2178 570 2231 poenae
583 2179 678 2215 versus
694 2173 823 2215 amorem
835 2170 884 2216 ett.
973 2227 974 2232 ,
999 2152 1002 2159 ¹

76 2231 163 2300 Stipes
177 2240 251 2298 erat,
308 2235 368 2296 e'm,
387 2239 452 2284 cum
466 2225 564 2300 partus
579 2233 660 2285 enixa
672 2232 780 2284 iaceret

76 2300 212 2359 Thestias,
229 2303 259 2352 in
297 2317 422 2353 ammam
435 2301 473 2353 tri
493 2302 561 2354 lices
573 2319 692 2371 posuere
704 2306 836 2354 Sorores:

77 2370 253 2439 Staniinaque
263 2370 399 2438 impresso
413 2319 510 2423 fatalia
520 2367 623 2440 pollice
637 2380 744 2435 nentes,

76 2439 227 2507 Tempora,
246 2439 387 2507 dixerunt,
406 2440 504 2492 eadem
514 2440 648 2511 lignoque
659 2440 776 2507 titique,
840 2503 841 2507 Ἰ

78 2510 98 2556 0
110 2508 194 2560 modo
206 2516 287 2574 nate,
306 2508 413 2563 damin.
449 2513 511 2572 Quo
522 2519 673 2578 postquam
684 2508 809 2560 carmine
821 2506 897 2560 dioto

77 2577 220 2630 Excessere
232 2577 316 2643 deae3
333 2578 502 2650 flagrantem
513 2587 606 2629 meter
623 2577 658 2629 ab
671 2576 738 2648 igne
754 2575 756 2584 ’

77 2646 182 2714 Eripuit
194 2655 319 2713 torrem,
335 2647 491 2717 sparsitque
504 2645 673 2716 liquentibus
684 2643 776 2700 undis.

77 2712 127 2765 Ille
140 2714 186 2768 diu
198 2716 490 2785 tiseretpenetralibus
502 2715 612 2766 abditus
624 2716 702 2768 imis:
769 2733 772 2736 ·

78 2785 259 2855 servatusque
268 2793 348 2851 tuos,
364 2786 486 2850 iuvenis,
502 2794 659 2837 servaverat
676 2799 772 2837 annosa

77 2852 193 2907 Protulit
204 2856 280 2907 hunc
295 2856 436 2925 genetrix,
445 2853 607 2926 taedasque
617 2855 648 2905 in
664 2854 804 2925 fragmine
814 2855 882 2923 poni

77 2923 212 2991 Imperat,
229 2932 258 2976 et
269 2924 367 2993 positis
380 2922 511 2975 inimicos
525 2922 657 2975 admovet
666 2925 753 2995 ignes.

76 2991 148 3043 Tum
162 3002 260 3046 conata
276 3002 375 3062 qsiater
385 2993 508 3046 flammis
521 2994 667 3063 imponere
680 3008 800 3062 ramum,

78 3060 131 3112 Coe
152 3069 291 3131 taquater
305 3062 403 3115 tenuit.
437 3065 476 3114 Pu
515 3072 564 3114 ent
574 3073 720 3132 materque
734 3077 879 3132 sororque,

25 3189 27 3194 Α
78 3130 111 3178 Et
145 3131 229 3184 'versa
238 3131 356 3183 trahunt
369 3149 458 3183 unum
490 3149 526 3183 ua
543 3133 658 3184 nornine
671 3142 777 3204 pectus.

78 3200 166 3266 Saepe
179 3209 259 3253 metu
268 3199 383 3252 sceleris
397 3200 540 3270 pellebant
556 3218 607 3253 ora
620 3201 724 3253 futuri:
783 3208 798 3232 ⁰

78 3269 165 3335 Saepe
174 3286 254 3322 suum
267 3269 379 3321 fervens
390 3270 479 3322 oculis
496 3270 580 3323 dabat
590 3272 633 3322 ira
646 3271 788 3323 ruborem.

78 3336 112 3387 Et
124 3338 208 3391 modo
218 3337 313 3393 nescio
327 3338 400 3410 quid'
409 3339 635 3398 similiscrudele
645 3339 765 3396 minanti
