2350 3834
87 280 89 285 Α
137 201 189 269 ti
349 220 352 225 ·
401 202 606 262 nortun
640 158 839 262 ursonis
897 234 922 241 ,.

207 350 296 405 Pallas
309 350 360 404 ait:
378 349 555 422 nemorisque
566 350 623 404 levi
636 349 762 405 consedit
773 348 803 401 in
815 348 924 406 muira.

206 424 283 474 Musa
294 422 394 474 refert:
413 421 543 473 Dedimus
558 436 698 473 summam
710 420 869 473 certaminis
885 422 945 478 uni.

207 490 309 570 Surgit,
328 499 356 542 et
368 490 505 542 immissos
518 490 623 542 hedera
634 491 754 543 collecta
765 507 797 541 ca
818 490 880 541 illos

185 577 190 583 ’
208 559 330 629 Calliope
344 559 475 629 querulas
489 569 650 629 praetentat
665 559 768 631 pollice
781 507 915 612 ciiordas:

135 630 189 688 840
205 634 295 699 Atque
309 628 379 680 haec
391 629 527 698 percussis
538 628 680 699 subiungit
692 628 818 680 car-ruina
830 628 930 681 nervis.

205 699 298 750 Prima
308 699 392 749 =Ceres
404 714 477 749 unco
493 697 588 770 glebas
600 698 717 749 dimovit
729 706 839 749 aratro:

204 767 298 818 Prima
314 765 391 818 dedit
402 766 506 837 fruges,
525 767 713 836 alimentaque
724 766 806 817 mitia
819 764 916 818 terris:

204 835 297 895 Prima
309 834 385 887 dedit
397 836 486 906 leges:
505 836 612 889 Cereris
628 853 722 887 sumus
738 834 832 886 omnia
844 851 956 889 munus.

182 919 194 935 ⁴
206 902 255 957 llla
270 904 395 957 canenda
407 902 476 957 mihi
491 915 546 958 est:
564 905 671 957 utinam
685 905 768 956 modo
783 904 877 955 dicere
891 921 1003 973 possem

136 969 189 1029 845
207 972 334 1027 Carmina
348 973 432 1044 digna
446 973 531 1030 deaei
549 983 626 1026 certe
642 973 695 1025 dea
708 973 832 1024 cannino
848 973 932 1044 digna
944 983 995 1029 est.

206 1045 290 1097 Vasta
301 1043 436 1114 giganteis
448 1043 551 1096 iniectu
567 1051 609 1094 est
623 1043 714 1095 insula
726 1041 861 1094 membris

205 1112 355 1178 Trinacris,
374 1119 402 1163 et
415 1112 523 1184 magnis
536 1112 695 1163 subiectum
707 1111 829 1163 molibus
840 1118 924 1182 urget

205 1181 349 1233 Aetherias
362 1197 462 1232 ausum
474 1198 585 1250 sperare
599 1181 732 1249 Typhoea
748 1180 834 1233 sedes.

181 1260 192 1277 ²
205 1250 310 1303 Nititur
322 1249 370 1301 ille
386 1246 510 1318 quidem,
530 1258 691 1320 pugnatque
705 1265 852 1319 resurgere
863 1262 961 1316 saepe:

137 1314 190 1370 850
206 1321 308 1370 Dextra
322 1317 370 1369 sed
383 1318 501 1370 Ausonio
519 1336 618 1369 manus
630 1327 672 1369 est
686 1319 810 1371 subiecta
823 1317 937 1368 Peloro:

96 1398 98 1403 ’
206 1390 304 1452 Laeva,
320 1386 457 1455 Pachyne‚
474 1386 548 1440 tssrir
558 1386 691 1456 Lilybaeo
706 1404 789 1439 crura
802 1395 986 1455 premuntur:

205 1459 346 1526 Degravut
359 1459 446 1508 Aetna
459 1465 558 1525 caput:
576 1457 628 1508 sub
643 1474 697 1526 qua
710 1457 854 1524 resupinus
868 1472 966 1507 arenas

188 1574 191 1581 ,
205 1525 322 1591 Eiectat,
339 1525 542 1595 flammamque
556 1524 620 1578 fero
637 1526 726 1577 vomit
741 1541 790 1577 ore
801 1524 959 1593 Typhoeus.

182 1598 197 1623 s
206 1599 293 1663 saepe
305 1594 430 1647 remoliri
446 1594 570 1647 luctatur
585 1595 711 1664 pondera
726 1603 829 1656 terrae,

137 1663 189 1720 356
208 1668 248 1733 Op
268 1663 379 1734 ideque,
397 1671 425 1715 et
438 1678 554 1734 magnos
569 1664 696 1715 evolvere
709 1678 828 1733 corpore
842 1672 976 1718 montes-1

206 1736 237 1785 ln
258 1749 274 1791 e
286 1732 383 1785 tremit
396 1732 494 1784 tellusz
508 1741 536 1785 et
544 1748 595 1785 rex
605 1741 688 1802 pavet
698 1732 756 1802 ipse
768 1731 909 1801 silentum,
919 1772 921 1781 ,

204 1804 247 1855 Ne
261 1810 366 1870 pateat,
383 1801 498 1872 latoque
512 1802 603 1853 solum
614 1810 759 1872 retegatur
770 1800 863 1865 hiatu3

206 1871 401 1940 immissosque
414 1870 472 1923 dies
485 1870 656 1939 trepidantes
670 1878 776 1922 terreat
789 1870 911 1922 umbras.

184 1947 190 1960 '
207 1942 286 1992 liano
300 1939 551 1992 metuens'oladem
561 1938 711 1992 tenebrosa
722 1939 788 1990 sede
801 1946 936 2006 tyrannus
970 1946 979 1958 ’

97 2038 103 2049 ·
137 2005 190 2067 360
205 2009 328 2062 Exierat:
346 2024 485 2078 curruque
498 2016 623 2060 atrorum
634 2017 730 2059 vectus
744 2022 881 2077 equorum

205 2079 337 2131 imbibat
350 2078 458 2130 Siculae
471 2086 567 2129 cautus
581 2077 747 2129 fundamina
757 2085 860 2129 terrae.

205 2150 357 2217 Postquam
368 2146 543 2216 exploratum
555 2147 620 2198 satis
632 2155 683 2210 est,
700 2145 764 2198 looa
777 2144 855 2195 nullu
867 2143 975 2209 labare,

183 2278 186 2283 γ
206 2216 383 2285 Depositique
393 2224 498 2278 metus3
516 2215 592 2266 videt
603 2215 679 2267 hunc
693 2214 812 2283 Erycina
822 2223 973 2283 vagantem

182 2292 189 2307 '
208 2288 303 2337 Monte
317 2300 367 2335 suo
380 2284 512 2351 residens,
528 2292 682 2354 natumque
693 2283 820 2353 amplexa
833 2283 992 2334 volucrem:

138 2349 189 2409 365
207 2360 293 2406 Arma
304 2369 456 2423 manusque
468 2369 557 2418 meae,
576 2370 649 2420 mea,
666 2361 740 2419 nate,
758 2352 893 2420 potentia,
911 2351 990 2419 dixit,

207 2423 267 2486 lna,
286 2423 384 2493 quihus
396 2438 507 2491 superas
521 2436 627 2489 omnes,
647 2421 793 2491 cape’tela,
812 2419 929 2491 Cupido,
979 2485 986 2492 ,

207 2495 294 2573 Inque
307 2492 351 2544 dei
362 2500 460 2572 pectus
472 2490 576 2543 celeres
591 2491 692 2544 molire
701 2491 826 2561 sagittas,
861 2501 864 2507 ’

209 2563 258 2612 Cur
269 2560 387 2630 triplims
404 2562 486 2613 cessit
500 2561 617 2613 fortuna
626 2561 776 2612 novissima
789 2557 878 2629 regni.

177 2636 190 2645 ‘¹
209 2631 252 2682 Tu
266 2635 302 2682 Su
323 2646 394 2697 eros,
411 2630 558 2713 ipsumque
570 2634 674 2695 lovem,
692 2637 724 2680 tu
734 2629 852 2679 numina
868 2627 949 2696 ponti

111 2764 112 2769 ,
139 2701 192 2756 870
208 2699 288 2752 victa
301 2648 407 2764 donus,
424 2716 581 2770 ipsumque,
599 2699 672 2769 regit
685 2697 734 2768 qui
745 2697 861 2749 numina
874 2696 965 2765 ponti.

207 2769 324 2819 Tartara
336 2766 405 2836 quid
418 2768 547 2820 cessant?
567 2784 618 2819 our
631 2784 689 2818 non
704 2767 855 2836 matrisque
865 2774 1002 2836 tuumque

208 2835 361 2906 Imperium
374 2837 502 2906 profers?
520 2836 613 2907 agitur
623 2852 687 2905 pars
699 2836 784 2901 tertia
800 2835 916 2891 mundi„

209 2908 242 2956 Et
254 2914 349 2957 tamen
360 2905 390 2957 in
401 2906 490 2972 coelo,
512 2923 583 2976 quae
594 2906 652 2956 iam
665 2904 800 2974 patientia
814 2912 909 2955 nostra
921 2911 974 2970 est,

180 2978 186 2993 '
207 2973 385 3043 spernimur:
403 2992 436 3027 ac
449 2990 561 3028 mecum
572 2975 645 3026 vires
659 2981 810 3025 tenuantur
821 2973 941 3027 Amoris.

140 3042 192 3101 375
208 3042 321 3095 Pallada
334 3060 426 3096 nonne
437 3044 522 3106 rides,
538 3040 785 3112 iaculatricemque
798 3042 916 3094 nimum

207 3112 375 3164 abscessisse
389 3112 479 3164 mihi?
497 3112 604 3165 Cereris
614 3128 725 3231 quoque
740 3112 800 3163 filia
814 3111 904 3180 virgo,
968 3128 970 3131 ’
1023 3120 1028 3141 ⁸

209 3182 238 3232 si
250 3181 397 3249 patiamur,
417 3181 481 3234 erit:
499 3196 564 3233 nam
576 3197 638 3249 spes
650 3198 666 3231 a
690 3189 762 3232 ectut
773 3179 893 3232 easdem

210 3254 245 3301 At
257 3258 298 3312 tu,
334 3266 366 3300 ro
380 3250 456 3301 s'ocio
471 3251 493 3301 si
509 3254 562 3320 qua
576 3259 617 3301 est
630 3266 694 3301 mea
707 3249 797 3320 gratia
811 3265 911 3319 regno,

78 3380 84 3387 ,
209 3321 295 3389 Iunge
309 3267 391 3370 deam
401 3326 512 3388 patruo.
532 3318 608 3370 vixit
618 3320 726 3374 Venus:
743 3318 793 3371 ille
802 3318 965 3388 pietatm

787 3566 812 3593 Ὁ
