2350 3834
137 233 202 303 m
423 226 859 289 eommunisonrs·
902 234 948 280 t.
1037 184 1041 191 ⁴

204 381 239 434 Ilt
250 357 394 432 inissuma
408 376 627 431 derualeormu
640 373 798 445 pecuaris
808 374 838 427 iu
850 382 961 433 aurem.

205 450 310 518 Dictys,
328 450 369 503 als
376 447 490 516 ancipiti
505 447 632 515 delapsus
651 445 779 497 acumine
794 446 913 514 montis,

206 520 280 573 Dum
296 518 369 599 fugit
380 518 533 569 instantem
542 514 685 583 trepidans
698 515 792 566 Ixione
807 524 916 580 natum,
965 571 968 575 ,

207 587 364 643 Deciditm·
394 600 516 655 raeceps,
532 593 572 637 'et
585 583 711 653 pondere
722 585 850 651 corporis
872 599 977 636 ornum

137 656 191 715 340
207 660 352 727 Ingentem
380 656 460 726 regit,
478 671 583 724 suaque
595 653 686 705 induit
704 653 753 704 ilia
771 653 891 707 froctae.

149 736 153 742 ’
207 725 289 777 Ultor
302 725 380 779 adest
395 724 548 793 Aphareus,
572 739 725 791 saxumque
739 738 755 773 e
768 732 866 774 monte
880 721 1027 775 residuum

206 794 319 847 Mittere
333 803 459 847 conatur.
494 795 648 847 Conantem
662 789 756 860 stipite
776 808 885 860 querno

207 868 333 934 Occupat
344 863 470 935 Aegides,
496 861 639 931 cubitique
649 859 773 930 iugentia
786 861 893 931 frangit

181 959 194 995 J,
208 937 288 985 Ossa:
318 950 371 984 nec
384 931 503 984 ulterius
517 931 584 984 dare
599 947 701 998 corpus
719 930 816 981 inutile
833 929 891 982 leto

139 996 191 1057 345
208 1008 262 1054 Aut
281 1008 378 1068 vacat,
390 1011 438 1053 aut
452 1010 549 1054 curat:
572 1009 710 1069 tergoque
719 998 841 1051 Bianoris
860 998 911 1051 alti

136 1084 138 1089 ⁴
207 1071 304 1131 Insilit,
321 1070 486 1123 haudsolito
503 1086 674 1140 quemquam
688 1077 811 1136 portare,
835 1069 889 1120 nisi
901 1068 1010 1137 ipsum:

208 1140 399 1211 opposuitque
411 1156 487 1210 genu
499 1139 591 1203 costis,
614 1154 799 1207 prensamque
816 1137 928 1191 sinistra

209 1210 367 1262 Caesariem
378 1210 510 1274 retinens,
529 1207 647 1273 vultum,
665 1206 881 1276 minitantiaque
898 1223 950 1266 ora

178 1302 187 1312 ,
210 1278 321 1331 Robore
336 1279 453 1344 nodoso,
470 1277 664 1346 praeduraque
679 1285 818 1345 tempora,
834 1276 930 1346 fregit.

141 1345 194 1411 350
210 1348 324 1401 Robore
342 1347 528 1415 Nedymnum,
542 1345 920 1415 iaculatoremqueLycotan

212 1417 317 1468 Sternit
324 1454 331 1479 ,
351 1426 379 1468 et
391 1415 515 1468 immissa
527 1424 689 1484 protectum
701 1423 818 1483 pectora
830 1414 919 1466 barba

211 1486 362 1555 Hippason,
382 1493 410 1536 et
421 1485 537 1537 summis
552 1493 705 1537 exstantem
720 1484 827 1552 Riphea
840 1483 925 1550 silvis,

211 1556 365 1624 Tereaque,
382 1550 542 1607 Haemoniis
557 1554 605 1623 qui
619 1569 734 1622 prensus
748 1552 890 1606 montibus
909 1569 989 1606 ursos

183 1678 185 1682 ,
211 1620 297 1679 Ferre
310 1624 427 1677 domum
445 1624 531 1689 viros,
548 1623 780 1694 indignantesque
792 1622 908 1674 solebat.
976 1658 978 1663 ·

142 1691 194 1751 356
211 1693 292 1745 Haud
304 1693 369 1747 tulit
379 1701 506 1746 utentem
515 1709 627 1773 pugnae
638 1693 809 1745 successibus
822 1690 897 1743 ultra

211 1764 318 1816 Thesea
330 1762 494 1830 Demoleou‚
513 1762 660 1832 solidoque
671 1761 807 1813 revellere
820 1769 923 1814 trunco

211 1837 352 1884 annosam
368 1832 465 1900 pinum
479 1849 583 1912 magno
595 1831 742 1883 molimine
751 1838 850 1883 tentat.

212 1902 296 1966 Quod
309 1901 443 1973 quianon
460 1910 560 1970 potuit,
576 1901 768 1971 praefractam
780 1899 857 1951 misit
872 1899 906 1951 in.
917 1897 1032 1952 hostem.

211 1971 265 2023 Sed
277 1969 378 2040 procul
390 1988 411 2025 a
420 1971 477 2024 telo
495 1971 617 2024 Theseus
629 1969 758 2022 veniente
770 1969 894 2036 recessit,

46 2069 50 2079 ·
143 2040 196 2097 860
213 2040 341 2098 Pallados
354 2040 516 2102 admonitu;
534 2039 614 2092 credi
626 2040 666 2091 sic
682 2039 740 2107 ipse
754 2039 875 2092 volebat

213 2112 277 2165 Nou
292 2118 388 2160 tamen
401 2110 486 2162 arhor
497 2109 571 2161 iners
586 2108 700 2162 cecidit:
717 2125 785 2160 nam
795 2105 937 2160 Crantoris
947 2104 998 2158 alti

212 2168 447 2248 Aliscidit'iugulo
458 2186 622 2248 pectusque,
640 2178 846 2256 humerumque
860 2175 1011 2233 :inermus

212 2249 341 2318 Armiger
351 2246 401 2298 ille
413 2247 456 2298 tui
467 2247 561 2300 fuerat
576 2247 721 2318 genitoris,
736 2245 859 2298 Achille:
923 2251 926 2258 '

214 2322 304 2382 Quem
319 2315 459 2384 Dolopum
472 2324 578 2381 rector,
602 2316 678 2369 hello
688 2323 842 2385 superatus,
859 2318 996 2382 Amyntor

144 2386 197 2446 365
214 2385 349 2439 heacidae
372 2384 488 2438 dederat
502 2385 579 2455 pacis
595 2386 759 2455 pignusque,
776 2383 929 2453 fidemque.

212 2459 294 2511 Hunc
307 2453 408 2526 procul
421 2463 454 2507 ut
466 2454 551 2508 foedo
563 2454 711 2507 disiectum
725 2452 842 2506 stiluere
857 2453 955 2505 Peleus

212 2525 297 2586 Vidit,
314 2529 350 2576 At
361 2524 485 2591 inferiae,
501 2524 636 2579 iuvenum
652 2522 808 2593 gratissune
827 2525 955 2589 Crantor,

215 2594 327 2675 Accipe,
344 2593 397 2646 ait:
421 2594 571 2663 validoque
586 2593 616 2644 iu
626 2592 811 2645 Demoleonta
822 2589 942 2644 lacerto

214 2667 378 2716 Frexmeam
391 2662 476 2730 misit,
503 2662 606 2715 mentis
624 2678 738 2732 quoque
749 2661 863 2726 viribus,
881 2660 999 2723 hastam,

146 2732 199 2788 370
217 2731 293 2796 Quae
306 2732 427 2785 laterum
440 2741 548 2786 cratem
569 2732 734 2801 perrumpit,
760 2739 789 2782 et
799 2730 904 2783 ossibus
914 2730 1030 2782 haerent

214 2799 372 2853 Intremuit.
404 2802 501 2856 Trahit
512 2802 561 2854 ille
578 2801 736 2854 marturius
750 2799 864 2869 cuspide
875 2799 999 2869 lignum:

216 2869 250 2937 ld
262 2884 374 2940 quoque
385 2870 430 2921 rix
443 2871 582 2940 sequitur:
608 2870 698 2940 erupis
718 2869 852 2938 pulmone
862 2876 972 2921 retenta
984 2874 1032 2919 est.

215 2938 275 3007 lpse
289 2939 371 2992 dolor
381 2938 555 2991 viresanimo
570 2939 669 2991 debat:
687 2955 771 3009 aeger
782 2938 811 2989 in
821 2938 933 2990 mrtem

213 3008 344 3078 Erigitur,
362 3007 533 3077 pedibusque
546 3009 637 3061 sirim
651 3007 799 3077 proculcet
815 3007 932 3077 equinis.

148 3077 184 3138 87
186 3077 201 3135 5
218 3076 325 3144 Excipit
336 3077 384 3129 ille
394 3076 465 3128 ictus
478 3076 558 3148 galea
578 3077 726 3147 clipeoque
736 3085 875 3143 sonantes,

216 3144 403 3216 Defensatque
413 3144 553 3211 humeros,
569 3154 772 3219 praetentaque
785 3146 905 3209 sustinet
918 3152 1005 3213 arma,

217 3214 325 3282 Perque
337 3230 429 3266 armos
441 3231 499 3269 uno
515 3213 570 3266 duo
583 3223 701 3282 pectora
713 3214 840 3284 perforet
851 3213 921 3269 ictu.

46 3288 48 3293 '
120 3330 122 3333 ,
219 3284 290 3333 Ante
301 3291 398 3335 tamen
411 3282 468 3335 leto
484 3282 600 3339 dederat
617 3284 798 3354 Phlegraeon,
818 3291 846 3335 et
858 3281 957 3352 Hylen,
976 3312 978 3315 ·

218 3350 537 3423 Eminrrsz.t1iphiuoum
549 3351 654 3406 collato
668 3355 768 3423 Marte,
786 3351 946 3429 Claniuqite.
1050 3362 1055 3369 ·
