2350 3834
179 1004 184 1015 ἱ
306 836 369 963 ΙΡ.
411 816 612 964 ΧΟἮῙΠὶΙ
655 894 907 964 NASONIS

143 1020 1090 1171 Maranonrnosnon

358 1219 513 1279 LIBER
547 1219 885 1281 DUODECIMUS.

209 1515 336 1611 Nescius
350 1558 477 1613 muratis
491 1559 617 1615 Priamm
629 1570 710 1631 pater
723 1564 850 1614 Aesacon
863 1561 914 1614 alis
976 1536 978 1539 i
1068 1600 1070 1607 s

172 1681 174 1685 ,
210 1627 324 1696 Vivere,
342 1629 372 1681 lu
408 1629 474 1682 bat:
492 1631 603 1684 tumulo
674 1648 729 1701 que
744 1648 850 1683 nomen
863 1630 980 1684 habenti

146 1706 151 1711 ’
186 1700 190 1707 ’
209 1697 332 1751 Inferias
339 1698 374 1751 de
396 1707 456 1751 erat
467 1717 535 1754 cnm
546 1703 592 1753 fra
622 1702 628 1713 '
650 1718 681 1755 us
695 1704 802 1753 Hector
814 1700 922 1754 manes.

208 1766 305 1819 Defuit
318 1768 413 1821 officio
425 1768 529 1822 Paridis
543 1770 700 1839 praesentia
712 1768 793 1835 tristi,

176 1835 193 1891 5
210 1834 359 1889 Postmodo
373 1837 421 1906 qni
431 1848 513 1908 rapta
523 1838 643 1910 longum
658 1855 723 1891 cum
737 1837 856 1909 coniuge
868 1837 982 1892 bellum'

208 1905 309 1957 Attulit
319 1906 347 1957 in
358 1907 492 1975 patriam:
511 1909 730 1978 coniurataeque
741 1917 896 1978 sequuntur

210 1973 287 2026 Mille
302 1984 390 2043 rates,
408 1976 554 2048 gentisque
566 1976 651 2030 simul
663 1993 814 2030 commune
827 1976 969 2049 Pelasgae.

209 2044 269 2097 Nec
282 2043 369 2097 dilata
381 2044 457 2098 foret
468 2047 608 2114 vindicte,
622 2046 678 2103 nisi
686 2062 809 2117 aequora
821 2045 897 2099 saevi

211 2113 289 2164 Invia
302 2112 435 2168 fecissent
447 2116 538 2181 renti,
555 2120 715 2186 Boeotaque
728 2114 812 2168 tellus

160 2178 195 2233 10
210 2181 309 2235 Aulide
322 2183 433 2252 piscosa
441 2202 548 2255 puppes
561 2185 696 2238 tenuisset
707 2185 804 2237 ituras.

211 2249 265 2302 Hic
277 2252 370 2320 patrio
382 2252 417 2306 de
430 2270 510 2306 more
525 2255 583 2305 Iovi
597 2272 664 2306 cum
677 2271 757 2305 sacra
769 2252 924 2322 parassent,

212 2321 251 2370 Ut
263 2328 342 2372 retus
356 2320 480 2377 accensis
493 2320 639 2373 incanduit
651 2320 761 2391 ignibus
774 2338 839 2386 ιω

212 2390 330 2457 serpere
345 2388 505 2442 caeruleum
521 2391 609 2443 Danai
620 2390 716 2442 ridere
729 2390 884 2443 draconem

212 2459 245 2509 In
277 2457 418 2524 latarum,
443 2460 550 2528 coeptis
564 2477 637 2528 quae
649 2460 742 2511 stabat
751 2461 880 2529 proxima
894 2458 991 2513 sacris.

162 2524 196 2581 15
213 2526 249 2578 Ni
269 2544 300 2578 us
314 2537 376 2581 erat
386 2527 533 2582 volucrum
545 2529 588 2582 his
604 2537 726 2598 quatuor
737 2529 838 2582 arbore
855 2546 979 2582 summa:

214 2598 288 2659 Quas
301 2597 400 2662 simul,
412 2607 441 2650 et
451 2607 571 2651 matrem
585 2599 694 2651 circum
707 2615 757 2651 sua
771 2597 874 2650 damna
884 2598 1035 2667 volantem,

214 2665 355 2735 Corripuit
365 2684 494 2737 serpens,
512 2667 649 2737 avidaque
662 2666 821 2719 recondidit
835 2666 906 2722 alvo.

111 2736 115 2743 ‘
131 2765 133 2770 -
213 2733 387 2805 Obstupuere
399 2753 510 2799 omnes3
528 2745 558 2788 at
567 2739 628 2789 reri
637 2734 771 2806 providus
785 2752 876 2807 augur

213 2802 405 2872 Thestorides,
423 2807 588 2873 Vincamus,
609 2807 663 2857 ait:
681 2805 816 2876 gaudete,
833 2804 950 2875 Pelasgi.

160 2869 197 2926 20
212 2871 297 2924 Troia
310 2874 406 2937 cadet3
427 2875 477 2931 sed
490 2875 543 2926 erit
557 2875 647 2927 nostri
659 2891 740 2945 mora
752 2873 838 2944 longa
848 2873 962 2928 laboris.

213 2944 303 3010 Atque
317 2959 420 2995 novem
434 2942 562 2996 volucres
575 2945 605 2994 in
621 2943 689 2996 belli
703 2943 807 3013 digerit
821 2960 917 3001 annos.

212 3008 272 3077 Ille,
286 3020 319 3063 ut
334 3020 405 3078 erat,
418 3010 520 3065 virides
532 3013 676 3081 amplerus
689 3014 719 3063 in
732 3012 834 3065 arbore
845 3027 951 3080 ramos,
969 3024 970 3027 ’

213 3078 257 3130 Fit
269 3077 354 3147 lapis,
364 3089 403 3132 vet
415 3089 508 3132 serrat
520 3081 656 3150 serpentis
669 3082 793 3151 imagine
812 3098 920 3136 sarum.

203 3175 208 3179 ·
246 3148 394 3201 Permanet
407 3150 498 3201 Aoniis
514 3153 620 3202 Nereus
634 3149 774 3201 violentas
787 3150 816 3200 in
833 3150 923 3215 undis,

160 3212 195 3267 25
212 3214 343 3285 Bellaque
355 3235 414 3268 non
426 3217 574 3289 transfert3
593 3227 622 3270 et
633 3227 711 3284 sunt,
729 3218 778 3288 qui
792 3235 912 3286 parcere
923 3219 1023 3271 'lroias

212 3285 374 3352 Neptunum
388 3284 519 3354 credant,
537 3289 604 3358 quia
617 3289 730 3339 moenia
745 3287 853 3340 fecerat
868 3288 940 3341 urbi.
1076 3344 1078 3347 ,

212 3355 248 3403 At
260 3369 317 3405 non
329 3355 514 3413 Thestorides.
548 3360 609 3411 Nec
626 3356 702 3413 enim
715 3358 840 3411 nescitve
853 3365 973 3424 tacetve,
1140 3418 1141 3425 ἵ
