<?xml version="1.0" encoding="UTF-8"?>
<!DOCTYPE html PUBLIC "-//W3C//DTD XHTML 1.0 Transitional//EN"
    "http://www.w3.org/TR/xhtml1/DTD/xhtml1-transitional.dtd">
<html xmlns="http://www.w3.org/1999/xhtml" xml:lang="en" lang="en">
 <head>
  <title>
</title>
<meta http-equiv="Content-Type" content="text/html;charset=utf-8" />
  <meta name='ocr-system' content='tesseract 3.04.00' />
  <meta name='ocr-capabilities' content='ocr_page ocr_carea ocr_par ocr_line ocrx_word'/>
</head>
<body>
  <div class='ocr_page' id='page_1' title='image "./operaomnia03ovidgoog/operaomnia03ovidgoog_0198.png"; bbox 0 0 2350 3834; ppageno 0'>
   <div class='ocr_carea' id='block_1_1' title="bbox 140 155 878 263">
    <p class='ocr_par' dir='ltr' id='par_1_1' title="bbox 140 155 878 263">
     <span class='ocr_line' id='line_1_1' title="bbox 140 155 878 263; baseline -0.003 -8"><span class='ocrx_word' id='word_1_1' title='bbox 140 200 202 263; x_wconf 85' lang='lat'><strong>190</strong></span> <span class='ocrx_word' id='word_1_2' title='bbox 400 201 432 254; x_wconf 82' lang='lat' dir='ltr'><strong>r.</strong></span> <span class='ocrx_word' id='word_1_3' title='bbox 448 199 613 256; x_wconf 86' lang='lat' dir='ltr'><strong>¹ov1n11</strong></span> <span class='ocrx_word' id='word_1_4' title='bbox 632 155 833 255; x_wconf 65' lang='lat' dir='ltr'><strong>N‘usorus</strong></span> <span class='ocrx_word' id='word_1_5' title='bbox 875 169 878 172; x_wconf 70' lang='grc'><strong>’</strong></span> 
     </span>
    </p>
   </div>
   <div class='ocr_carea' id='block_1_2' title="bbox 120 333 1043 1883">
    <p class='ocr_par' dir='ltr' id='par_1_2' title="bbox 205 333 941 486">
     <span class='ocr_line' id='line_1_2' title="bbox 207 333 941 412; baseline 0.001 -13"><span class='ocrx_word' id='word_1_6' title='bbox 207 345 363 399; x_wconf 84' lang='lat' dir='ltr'><strong>Coniiciunt</strong></span> <span class='ocrx_word' id='word_1_7' title='bbox 374 345 406 397; x_wconf 88' lang='lat' dir='ltr'><strong>th</strong></span> <span class='ocrx_word' id='word_1_8' title='bbox 454 362 493 412; x_wconf 83' lang='lat' dir='ltr'><strong>os,</strong></span> <span class='ocrx_word' id='word_1_9' title='bbox 510 362 568 398; x_wconf 88' lang='lat' dir='ltr'><strong>non</strong></span> <span class='ocrx_word' id='word_1_10' title='bbox 579 346 651 398; x_wconf 87' lang='lat' dir='ltr'><strong>haec</strong></span> <span class='ocrx_word' id='word_1_11' title='bbox 663 344 693 397; x_wconf 90' lang='lat' dir='ltr'><strong>in</strong></span> <span class='ocrx_word' id='word_1_12' title='bbox 707 333 826 398; x_wconf 82' lang='lat' dir='ltr'><strong>munera</strong></span> <span class='ocrx_word' id='word_1_13' title='bbox 840 345 941 401; x_wconf 82' lang='lat' dir='ltr'><strong>factos.</strong></span> 
     </span>
     <span class='ocr_line' id='line_1_3' title="bbox 205 413 835 486; baseline -0.003 -18"><span class='ocrx_word' id='word_1_14' title='bbox 205 418 264 468; x_wconf 88' lang='lat' dir='ltr'><strong>Hae</strong></span> <span class='ocrx_word' id='word_1_15' title='bbox 276 413 381 486; x_wconf 77' lang='lat' dir='ltr'>glebas,</span> <span class='ocrx_word' id='word_1_16' title='bbox 401 415 405 425; x_wconf 93' lang='lat'>&#39;</span> <span class='ocrx_word' id='word_1_17' title='bbox 430 431 463 466; x_wconf 89' lang='lat' dir='ltr'><strong>ae</strong></span> <span class='ocrx_word' id='word_1_18' title='bbox 477 414 606 484; x_wconf 84' lang='lat' dir='ltr'><strong>dereptus</strong></span> <span class='ocrx_word' id='word_1_19' title='bbox 620 415 721 468; x_wconf 89' lang='lat' dir='ltr'><strong>arbore</strong></span> <span class='ocrx_word' id='word_1_20' title='bbox 731 431 835 481; x_wconf 88' lang='lat' dir='ltr'><strong>ramos,</strong></span> 
     </span>
    </p>

    <p class='ocr_par' dir='ltr' id='par_1_3' title="bbox 136 482 914 553">
     <span class='ocr_line' id='line_1_4' title="bbox 136 482 914 553; baseline -0.006 -12"><span class='ocrx_word' id='word_1_21' title='bbox 136 485 172 541; x_wconf 77' lang='grc'><strong>30</strong></span> <span class='ocrx_word' id='word_1_22' title='bbox 205 487 271 537; x_wconf 88' lang='lat' dir='ltr'><strong>Pars</strong></span> <span class='ocrx_word' id='word_1_23' title='bbox 286 492 419 553; x_wconf 88' lang='lat' dir='ltr'><strong>torquent</strong></span> <span class='ocrx_word' id='word_1_24' title='bbox 430 484 529 537; x_wconf 89' lang='lat' dir='ltr'><strong>silices.</strong></span> <span class='ocrx_word' id='word_1_25' title='bbox 547 487 610 536; x_wconf 89' lang='lat' dir='ltr'><strong>Neu</strong></span> <span class='ocrx_word' id='word_1_26' title='bbox 623 482 714 537; x_wconf 86' lang='lat' dir='ltr'><strong>desint</strong></span> <span class='ocrx_word' id='word_1_27' title='bbox 728 483 785 540; x_wconf 88' lang='lat' dir='ltr'><strong>tela</strong></span> <span class='ocrx_word' id='word_1_28' title='bbox 802 483 914 549; x_wconf 83' lang='lat' dir='ltr'><strong>furori·‚</strong></span> 
     </span>
    </p>

    <p class='ocr_par' dir='ltr' id='par_1_4' title="bbox 184 553 976 747">
     <span class='ocr_line' id='line_1_5' title="bbox 184 553 939 624; baseline 0.001 -19"><span class='ocrx_word' id='word_1_29' title='bbox 184 575 190 592; x_wconf 47' lang='lat' dir='ltr'><strong>a</strong></span> <span class='ocrx_word' id='word_1_30' title='bbox 207 556 289 605; x_wconf 88' lang='lat' dir='ltr'><strong>Forte</strong></span> <span class='ocrx_word' id='word_1_31' title='bbox 301 553 387 605; x_wconf 86' lang='lat' dir='ltr'><strong>boves</strong></span> <span class='ocrx_word' id='word_1_32' title='bbox 399 570 494 622; x_wconf 87' lang='lat' dir='ltr'><strong>presso</strong></span> <span class='ocrx_word' id='word_1_33' title='bbox 508 553 676 624; x_wconf 74' lang='lat' dir='ltr'><strong>subigebant</strong></span> <span class='ocrx_word' id='word_1_34' title='bbox 690 570 805 606; x_wconf 78' lang='lat' dir='ltr'><strong>vomere</strong></span> <span class='ocrx_word' id='word_1_35' title='bbox 817 562 939 606; x_wconf 76' lang='lat' dir='ltr'><strong>terramz</strong></span> 
     </span>
     <span class='ocr_line' id='line_1_6' title="bbox 204 622 976 692; baseline 0 -16"><span class='ocrx_word' id='word_1_36' title='bbox 204 624 263 676; x_wconf 86' lang='lat' dir='ltr'><strong>Nec</strong></span> <span class='ocrx_word' id='word_1_37' title='bbox 275 622 378 691; x_wconf 88' lang='lat' dir='ltr'><strong>procul</strong></span> <span class='ocrx_word' id='word_1_38' title='bbox 388 623 463 688; x_wconf 90' lang='lat' dir='ltr'><strong>hinc,</strong></span> <span class='ocrx_word' id='word_1_39' title='bbox 480 622 570 676; x_wconf 91' lang='lat' dir='ltr'><strong>multo</strong></span> <span class='ocrx_word' id='word_1_40' title='bbox 584 623 711 680; x_wconf 82' lang='lat' dir='ltr'><strong>fructum</strong></span> <span class='ocrx_word' id='word_1_41' title='bbox 722 623 825 676; x_wconf 84' lang='lat' dir='ltr'><strong>sudore</strong></span> <span class='ocrx_word' id='word_1_42' title='bbox 836 632 976 692; x_wconf 85' lang='lat' dir='ltr'><strong>parantes,</strong></span> 
     </span>
     <span class='ocr_line' id='line_1_7' title="bbox 205 691 851 747; baseline 0 -3"><span class='ocrx_word' id='word_1_43' title='bbox 205 694 282 744; x_wconf 87' lang='lat' dir='ltr'><strong>Dura</strong></span> <span class='ocrx_word' id='word_1_44' title='bbox 294 692 425 744; x_wconf 75' lang='lat' dir='ltr'><strong>lacertosi</strong></span> <span class='ocrx_word' id='word_1_45' title='bbox 438 692 585 744; x_wconf 79' lang='lat' dir='ltr'>fodiebant</span> <span class='ocrx_word' id='word_1_46' title='bbox 599 709 667 745; x_wconf 83' lang='lat' dir='ltr'><strong>arva</strong></span> <span class='ocrx_word' id='word_1_47' title='bbox 679 691 783 747; x_wconf 81' lang='lat' dir='ltr'><strong>coloni.</strong></span> <span class='ocrx_word' id='word_1_48' title='bbox 846 731 851 738; x_wconf 87' lang='lat'>.</span> 
     </span>
    </p>

    <p class='ocr_par' dir='ltr' id='par_1_5' title="bbox 120 759 940 833">
     <span class='ocr_line' id='line_1_8' title="bbox 120 759 940 833; baseline 0.004 -21"><span class='ocrx_word' id='word_1_49' title='bbox 120 799 123 804; x_wconf 81' lang='grc'><strong>-</strong></span> <span class='ocrx_word' id='word_1_50' title='bbox 205 761 324 832; x_wconf 78' lang='lat' dir='ltr'>Agmine</span> <span class='ocrx_word' id='word_1_51' title='bbox 339 761 387 832; x_wconf 88' lang='lat' dir='ltr'><strong>qui</strong></span> <span class='ocrx_word' id='word_1_52' title='bbox 403 761 463 814; x_wconf 83' lang='lat' dir='ltr'><strong>viso</strong></span> <span class='ocrx_word' id='word_1_53' title='bbox 475 761 598 833; x_wconf 79' lang='lat' dir='ltr'><strong>fugiunt,</strong></span> <span class='ocrx_word' id='word_1_54' title='bbox 619 759 766 832; x_wconf 72' lang='lat' dir='ltr'>operisque</span> <span class='ocrx_word' id='word_1_55' title='bbox 776 760 940 832; x_wconf 80' lang='lat' dir='ltr'><strong>relinquunt</strong></span> 
     </span>
    </p>

    <p class='ocr_par' dir='ltr' id='par_1_6' title="bbox 135 826 942 972">
     <span class='ocr_line' id='line_1_9' title="bbox 135 826 939 902; baseline 0 -19"><span class='ocrx_word' id='word_1_56' title='bbox 135 833 170 891; x_wconf 79' lang='lat'><strong>85</strong></span> <span class='ocrx_word' id='word_1_57' title='bbox 202 835 289 883; x_wconf 76' lang='lat' dir='ltr'><strong>Arma</strong></span> <span class='ocrx_word' id='word_1_58' title='bbox 301 826 359 882; x_wconf 73' lang='lat' dir='ltr'><strong>suit</strong></span> <span class='ocrx_word' id='word_1_59' title='bbox 376 847 534 902; x_wconf 76' lang='lat' dir='ltr'><strong>vacuosque</strong></span> <span class='ocrx_word' id='word_1_60' title='bbox 548 831 642 884; x_wconf 75' lang='lat' dir='ltr'><strong>iucem</strong></span> <span class='ocrx_word' id='word_1_61' title='bbox 656 829 779 899; x_wconf 85' lang='lat' dir='ltr'><strong>dispersa</strong></span> <span class='ocrx_word' id='word_1_62' title='bbox 789 847 842 900; x_wconf 89' lang='lat' dir='ltr'><strong>per</strong></span> <span class='ocrx_word' id='word_1_63' title='bbox 854 848 939 902; x_wconf 81' lang='lat' dir='ltr'><strong>agros</strong></span> 
     </span>
     <span class='ocr_line' id='line_1_10' title="bbox 205 899 942 972; baseline 0.003 -21"><span class='ocrx_word' id='word_1_64' title='bbox 205 899 386 971; x_wconf 69' lang='lat' dir='ltr'><strong>Sarcinaque,</strong></span> <span class='ocrx_word' id='word_1_65' title='bbox 404 902 542 970; x_wconf 81' lang='lat' dir='ltr'><strong>rastrique</strong></span> <span class='ocrx_word' id='word_1_66' title='bbox 553 917 661 972; x_wconf 75' lang='lat' dir='ltr'><strong>graves,</strong></span> <span class='ocrx_word' id='word_1_67' title='bbox 678 900 811 971; x_wconf 79' lang='lat' dir='ltr'><strong>longique</strong></span> <span class='ocrx_word' id='word_1_68' title='bbox 825 899 942 971; x_wconf 75' lang='lat' dir='ltr'><strong>ligones.</strong></span> 
     </span>
    </p>

    <p class='ocr_par' dir='ltr' id='par_1_7' title="bbox 128 969 1006 1179">
     <span class='ocr_line' id='line_1_11' title="bbox 128 969 968 1040; baseline 0 -19"><span class='ocrx_word' id='word_1_69' title='bbox 128 1025 132 1032; x_wconf 68' lang='grc'><em>,</em></span> <span class='ocrx_word' id='word_1_70' title='bbox 201 972 285 1034; x_wconf 81' lang='lat' dir='ltr'><strong>Quae</strong></span> <span class='ocrx_word' id='word_1_71' title='bbox 299 978 478 1040; x_wconf 75' lang='lat' dir='ltr'><strong>postquamr</strong></span> <span class='ocrx_word' id='word_1_72' title='bbox 516 985 582 1026; x_wconf 79' lang='lat' dir='ltr'><strong>uere</strong></span> <span class='ocrx_word' id='word_1_73' title='bbox 596 971 685 1038; x_wconf 75' lang='lat' dir='ltr'><strong>letae,</strong></span> <span class='ocrx_word' id='word_1_74' title='bbox 702 983 848 1040; x_wconf 65' lang='lat' dir='ltr'><strong>eorumque</strong></span> <span class='ocrx_word' id='word_1_75' title='bbox 863 969 968 1026; x_wconf 74' lang='lat' dir='ltr'><strong>anasei</strong></span> 
     </span>
     <span class='ocr_line' id='line_1_12' title="bbox 202 1037 965 1104; baseline -0.001 -14"><span class='ocrx_word' id='word_1_76' title='bbox 202 1037 456 1104; x_wconf 77' lang='lat' dir='ltr'><strong>Divellerehoves3</strong></span> <span class='ocrx_word' id='word_1_77' title='bbox 474 1056 491 1091; x_wconf 88' lang='lat' dir='ltr'><strong>a</strong></span> <span class='ocrx_word' id='word_1_78' title='bbox 525 1040 595 1092; x_wconf 84' lang='lat' dir='ltr'><strong>vatis</strong></span> <span class='ocrx_word' id='word_1_79' title='bbox 603 1039 666 1092; x_wconf 72' lang='lat' dir='ltr'><strong>iata</strong></span> <span class='ocrx_word' id='word_1_80' title='bbox 679 1047 839 1104; x_wconf 85' lang='lat' dir='ltr'><strong>recurrunt,</strong></span> <span class='ocrx_word' id='word_1_81' title='bbox 959 1053 965 1059; x_wconf 89' lang='lat'><strong>·</strong></span> 
     </span>
     <span class='ocr_line' id='line_1_13' title="bbox 203 1107 1006 1179; baseline 0 -19"><span class='ocrx_word' id='word_1_82' title='bbox 203 1107 434 1179; x_wconf 82' lang='lat' dir='ltr'><strong>Tendentemque</strong></span> <span class='ocrx_word' id='word_1_83' title='bbox 450 1126 561 1176; x_wconf 86' lang='lat' dir='ltr'><strong>manus,</strong></span> <span class='ocrx_word' id='word_1_84' title='bbox 581 1118 666 1179; x_wconf 73' lang='lat' dir='ltr'><strong>atque</strong></span> <span class='ocrx_word' id='word_1_85' title='bbox 678 1107 728 1161; x_wconf 92' lang='lat' dir='ltr'><strong>illo</strong></span> <span class='ocrx_word' id='word_1_86' title='bbox 740 1116 868 1177; x_wconf 89' lang='lat' dir='ltr'><strong>tempore</strong></span> <span class='ocrx_word' id='word_1_87' title='bbox 881 1107 1006 1176; x_wconf 87' lang='lat' dir='ltr'><strong>primum</strong></span> 
     </span>
    </p>

    <p class='ocr_par' dir='ltr' id='par_1_8' title="bbox 134 1177 995 1450">
     <span class='ocr_line' id='line_1_14' title="bbox 134 1177 966 1248; baseline -0.01 -13"><span class='ocrx_word' id='word_1_88' title='bbox 134 1179 171 1235; x_wconf 76' lang='lat'><strong>40</strong></span> <span class='ocrx_word' id='word_1_89' title='bbox 203 1179 287 1229; x_wconf 88' lang='lat' dir='ltr'><strong>Irrita</strong></span> <span class='ocrx_word' id='word_1_90' title='bbox 304 1177 456 1245; x_wconf 70' lang='lat' dir='ltr'><strong>dicentem,</strong></span> <span class='ocrx_word' id='word_1_91' title='bbox 474 1195 528 1232; x_wconf 86' lang='lat' dir='ltr'><strong>nec</strong></span> <span class='ocrx_word' id='word_1_92' title='bbox 543 1178 698 1248; x_wconf 85' lang='lat' dir='ltr'><strong>quidquam</strong></span> <span class='ocrx_word' id='word_1_93' title='bbox 711 1193 782 1234; x_wconf 79' lang='lat' dir='ltr'><strong>voce</strong></span> <span class='ocrx_word' id='word_1_94' title='bbox 795 1185 966 1240; x_wconf 81' lang='lat' dir='ltr'><strong>moventem,</strong></span> 
     </span>
     <span class='ocr_line' id='line_1_15' title="bbox 205 1244 995 1319; baseline -0.001 -21"><span class='ocrx_word' id='word_1_95' title='bbox 205 1246 363 1319; x_wconf 74' lang='lat' dir='ltr'><strong>Sacrilegae</strong></span> <span class='ocrx_word' id='word_1_96' title='bbox 376 1248 532 1317; x_wconf 77' lang='lat' dir='ltr'><strong>perimunts</strong></span> <span class='ocrx_word' id='word_1_97' title='bbox 549 1263 656 1317; x_wconf 84' lang='lat' dir='ltr'><strong>perque</strong></span> <span class='ocrx_word' id='word_1_98' title='bbox 668 1263 699 1299; x_wconf 86' lang='lat' dir='ltr'><strong>os</strong></span> <span class='ocrx_word' id='word_1_99' title='bbox 713 1264 765 1316; x_wconf 89' lang='lat' dir='ltr'><strong>pro</strong></span> <span class='ocrx_word' id='word_1_100' title='bbox 779 1247 897 1316; x_wconf 85' lang='lat' dir='ltr'><strong>Iupiter!</strong></span> <span class='ocrx_word' id='word_1_101' title='bbox 916 1244 995 1314; x_wconf 88' lang='lat' dir='ltr'><strong>illud,</strong></span> 
     </span>
     <span class='ocr_line' id='line_1_16' title="bbox 203 1314 820 1386; baseline 0.01 -20"><span class='ocrx_word' id='word_1_102' title='bbox 203 1315 337 1368; x_wconf 80' lang='lat' dir='ltr'><strong>Auditum</strong></span> <span class='ocrx_word' id='word_1_103' title='bbox 353 1314 432 1383; x_wconf 83' lang='lat' dir='ltr'><strong>saxis,</strong></span> <span class='ocrx_word' id='word_1_104' title='bbox 451 1317 682 1386; x_wconf 86' lang='lat' dir='ltr'><strong>intellectumque</strong></span> <span class='ocrx_word' id='word_1_105' title='bbox 692 1315 820 1372; x_wconf 82' lang='lat' dir='ltr'><strong>ferarum</strong></span> 
     </span>
     <span class='ocr_line' id='line_1_17' title="bbox 203 1383 888 1450; baseline 0.001 -15"><span class='ocrx_word' id='word_1_106' title='bbox 203 1384 345 1450; x_wconf 81' lang='lat' dir='ltr'><strong>Sensibus,</strong></span> <span class='ocrx_word' id='word_1_107' title='bbox 362 1386 393 1437; x_wconf 91' lang='lat' dir='ltr'><strong>in</strong></span> <span class='ocrx_word' id='word_1_108' title='bbox 404 1394 500 1439; x_wconf 87' lang='lat' dir='ltr'><strong>ventos</strong></span> <span class='ocrx_word' id='word_1_109' title='bbox 513 1386 607 1438; x_wconf 86' lang='lat' dir='ltr'><strong>anima</strong></span> <span class='ocrx_word' id='word_1_110' title='bbox 622 1384 749 1442; x_wconf 81' lang='lat' dir='ltr'><strong>exhalata</strong></span> <span class='ocrx_word' id='word_1_111' title='bbox 763 1383 888 1437; x_wconf 80' lang='lat' dir='ltr'><strong>recessit.</strong></span> 
     </span>
    </p>

    <p class='ocr_par' dir='ltr' id='par_1_9' title="bbox 204 1453 966 1525">
     <span class='ocr_line' id='line_1_18' title="bbox 204 1453 966 1525; baseline 0.004 -21"><span class='ocrx_word' id='word_1_112' title='bbox 204 1454 244 1505; x_wconf 93' lang='lat' dir='ltr'><strong>Te</strong></span> <span class='ocrx_word' id='word_1_113' title='bbox 254 1461 378 1505; x_wconf 87' lang='lat' dir='ltr'><strong>moestae</strong></span> <span class='ocrx_word' id='word_1_114' title='bbox 393 1454 532 1518; x_wconf 76' lang='lat' dir='ltr'><strong>volucres,</strong></span> <span class='ocrx_word' id='word_1_115' title='bbox 551 1455 673 1525; x_wconf 81' lang='lat' dir='ltr'><strong>orphen,</strong></span> <span class='ocrx_word' id='word_1_116' title='bbox 690 1464 720 1508; x_wconf 90' lang='lat' dir='ltr'><strong>te</strong></span> <span class='ocrx_word' id='word_1_117' title='bbox 733 1454 817 1508; x_wconf 87' lang='lat' dir='ltr'><strong>turba</strong></span> <span class='ocrx_word' id='word_1_118' title='bbox 831 1453 966 1522; x_wconf 82' lang='lat' dir='ltr'><strong>ferarum,</strong></span> 
     </span>
    </p>

    <p class='ocr_par' dir='ltr' id='par_1_10' title="bbox 134 1522 902 1663">
     <span class='ocr_line' id='line_1_19' title="bbox 134 1522 902 1594; baseline 0.005 -21"><span class='ocrx_word' id='word_1_119' title='bbox 134 1525 169 1581; x_wconf 77' lang='lat'><strong>45</strong></span> <span class='ocrx_word' id='word_1_120' title='bbox 203 1523 242 1575; x_wconf 91' lang='lat' dir='ltr'><strong>Te</strong></span> <span class='ocrx_word' id='word_1_121' title='bbox 254 1523 362 1593; x_wconf 78' lang='lat' dir='ltr'><strong>rigidae</strong></span> <span class='ocrx_word' id='word_1_122' title='bbox 373 1522 474 1589; x_wconf 83' lang='lat' dir='ltr'><strong>silicas,</strong></span> <span class='ocrx_word' id='word_1_123' title='bbox 492 1534 542 1577; x_wconf 87' lang='lat' dir='ltr'><strong>tua</strong></span> <span class='ocrx_word' id='word_1_124' title='bbox 555 1526 682 1584; x_wconf 80' lang='lat' dir='ltr'><strong>carmina</strong></span> <span class='ocrx_word' id='word_1_125' title='bbox 692 1540 775 1594; x_wconf 88' lang='lat' dir='ltr'><strong>saepe</strong></span> <span class='ocrx_word' id='word_1_126' title='bbox 788 1531 902 1577; x_wconf 84' lang='lat' dir='ltr'><strong>secutae</strong></span> 
     </span>
     <span class='ocr_line' id='line_1_20' title="bbox 204 1590 892 1663; baseline 0.006 -21"><span class='ocrx_word' id='word_1_127' title='bbox 204 1590 354 1644; x_wconf 86' lang='lat' dir='ltr'><strong>Fleverunt</strong></span> <span class='ocrx_word' id='word_1_128' title='bbox 367 1592 466 1647; x_wconf 84' lang='lat' dir='ltr'><strong>silvae:</strong></span> <span class='ocrx_word' id='word_1_129' title='bbox 485 1594 582 1663; x_wconf 84' lang='lat' dir='ltr'><strong>positis</strong></span> <span class='ocrx_word' id='word_1_130' title='bbox 596 1604 624 1647; x_wconf 89' lang='lat' dir='ltr'><strong>te</strong></span> <span class='ocrx_word' id='word_1_131' title='bbox 639 1593 786 1654; x_wconf 77' lang='lat' dir='ltr'><strong>frondibus</strong></span> <span class='ocrx_word' id='word_1_132' title='bbox 800 1593 892 1659; x_wconf 82' lang='lat' dir='ltr'><strong>arbos,</strong></span> 
     </span>
    </p>

    <p class='ocr_par' dir='ltr' id='par_1_11' title="bbox 201 1660 1043 1883">
     <span class='ocr_line' id='line_1_21' title="bbox 203 1660 1043 1732; baseline 0.002 -20"><span class='ocrx_word' id='word_1_133' title='bbox 203 1660 294 1712; x_wconf 84' lang='lat' dir='ltr'><strong>Tonsa</strong></span> <span class='ocrx_word' id='word_1_134' title='bbox 306 1678 428 1728; x_wconf 81' lang='lat' dir='ltr'><strong>comani,</strong></span> <span class='ocrx_word' id='word_1_135' title='bbox 445 1663 532 1716; x_wconf 85' lang='lat' dir='ltr'><strong>luxit:</strong></span> <span class='ocrx_word' id='word_1_136' title='bbox 548 1662 673 1718; x_wconf 81' lang='lat' dir='ltr'><strong>lacrimis</strong></span> <span class='ocrx_word' id='word_1_137' title='bbox 727 1679 800 1732; x_wconf 87' lang='lat' dir='ltr'><strong>oque</strong></span> <span class='ocrx_word' id='word_1_138' title='bbox 811 1661 930 1714; x_wconf 89' lang='lat' dir='ltr'><strong>flumina</strong></span> <span class='ocrx_word' id='word_1_139' title='bbox 943 1660 1043 1715; x_wconf 88' lang='lat' dir='ltr'><strong>dicunt</strong></span> 
     </span>
     <span class='ocr_line' id='line_1_22' title="bbox 202 1679 850 1803; baseline 0.006 -23"><span class='ocrx_word' id='word_1_140' title='bbox 202 1730 354 1783; x_wconf 83' lang='lat' dir='ltr'><strong>Increvisse</strong></span> <span class='ocrx_word' id='word_1_141' title='bbox 366 1732 436 1783; x_wconf 83' lang='lat' dir='ltr'><strong>suis:</strong></span> <span class='ocrx_word' id='word_1_142' title='bbox 454 1733 630 1803; x_wconf 85' lang='lat' dir='ltr'><strong>obscuraque</strong></span> <span class='ocrx_word' id='word_1_143' title='bbox 640 1679 758 1786; x_wconf 60' lang='lat' dir='ltr'><strong>carbilae</strong></span> <span class='ocrx_word' id='word_1_144' title='bbox 771 1731 850 1801; x_wconf 82' lang='lat' dir='ltr'><strong>pullo</strong></span> 
     </span>
     <span class='ocr_line' id='line_1_23' title="bbox 201 1789 936 1883; baseline 0.004 -33"><span class='ocrx_word' id='word_1_145' title='bbox 201 1799 305 1851; x_wconf 74' lang='lat' dir='ltr'><strong>Naides</strong></span> <span class='ocrx_word' id='word_1_146' title='bbox 319 1810 347 1852; x_wconf 87' lang='lat' dir='ltr'><strong>et</strong></span> <span class='ocrx_word' id='word_1_147' title='bbox 363 1801 495 1874; x_wconf 78' lang='lat' dir='ltr'><strong>Dryades,</strong></span> <span class='ocrx_word' id='word_1_148' title='bbox 513 1819 662 1883; x_wconf 84' lang='lat' dir='ltr'><strong>passosque</strong></span> <span class='ocrx_word' id='word_1_149' title='bbox 673 1801 797 1855; x_wconf 81' lang='lat' dir='ltr'><strong>habuere</strong></span> <span class='ocrx_word' id='word_1_150' title='bbox 809 1789 936 1869; x_wconf 84' lang='lat' dir='ltr'><strong>capillos.</strong></span> 
     </span>
    </p>
   </div>
   <div class='ocr_carea' id='block_1_3' title="bbox 22 1868 1158 1940">
    <p class='ocr_par' dir='ltr' id='par_1_12' title="bbox 22 1868 1158 1940">
     <span class='ocr_line' id='line_1_24' title="bbox 22 1868 1158 1940; baseline -0.005 -14"><span class='ocrx_word' id='word_1_151' title='bbox 22 1911 29 1926; x_wconf 82' lang='grc'><strong>.</strong></span> <span class='ocrx_word' id='word_1_152' title='bbox 134 1869 168 1924; x_wconf 86' lang='grc'><strong>50</strong></span> <span class='ocrx_word' id='word_1_153' title='bbox 201 1869 329 1936; x_wconf 84' lang='lat' dir='ltr'><strong>Membra</strong></span> <span class='ocrx_word' id='word_1_154' title='bbox 344 1869 437 1922; x_wconf 89' lang='lat' dir='ltr'><strong>iacent</strong></span> <span class='ocrx_word' id='word_1_155' title='bbox 448 1871 558 1924; x_wconf 89' lang='lat' dir='ltr'><strong>diversa</strong></span> <span class='ocrx_word' id='word_1_156' title='bbox 568 1871 648 1926; x_wconf 75' lang='lat' dir='ltr'><strong>locis,</strong></span> <span class='ocrx_word' id='word_1_157' title='bbox 666 1872 761 1940; x_wconf 78' lang='lat' dir='ltr'><strong>Caput,</strong></span> <span class='ocrx_word' id='word_1_158' title='bbox 779 1870 880 1935; x_wconf 88' lang='lat' dir='ltr'><strong>Hebre,</strong></span> <span class='ocrx_word' id='word_1_159' title='bbox 897 1868 1045 1939; x_wconf 83' lang='lat' dir='ltr'><strong>lyramque</strong></span> <span class='ocrx_word' id='word_1_160' title='bbox 1157 1907 1158 1910; x_wconf 66' lang='lat'>,</span> 
     </span>
    </p>
   </div>
   <div class='ocr_carea' id='block_1_4' title="bbox 133 1938 1029 2564">
    <p class='ocr_par' dir='ltr' id='par_1_13' title="bbox 202 1938 936 2017">
     <span class='ocr_line' id='line_1_25' title="bbox 202 1938 936 2017; baseline 0.001 -28"><span class='ocrx_word' id='word_1_161' title='bbox 202 1938 325 2017; x_wconf 81' lang='lat' dir='ltr'><strong>Excipis3</strong></span> <span class='ocrx_word' id='word_1_162' title='bbox 343 1948 382 2005; x_wconf 84' lang='lat' dir='ltr'><strong>et,</strong></span> <span class='ocrx_word' id='word_1_163' title='bbox 400 1938 517 2007; x_wconf 85' lang='lat' dir='ltr'><strong>mirum,</strong></span> <span class='ocrx_word' id='word_1_164' title='bbox 532 1941 627 1994; x_wconf 87' lang='lat' dir='ltr'><strong>medio</strong></span> <span class='ocrx_word' id='word_1_165' title='bbox 644 1941 711 1994; x_wconf 90' lang='lat' dir='ltr'><strong>dum</strong></span> <span class='ocrx_word' id='word_1_166' title='bbox 723 1938 828 1994; x_wconf 86' lang='lat' dir='ltr'><strong>labitur</strong></span> <span class='ocrx_word' id='word_1_167' title='bbox 843 1955 936 2005; x_wconf 85' lang='lat' dir='ltr'><strong>amne,</strong></span> 
     </span>
    </p>

    <p class='ocr_par' dir='ltr' id='par_1_14' title="bbox 201 2006 947 2089">
     <span class='ocr_line' id='line_1_26' title="bbox 201 2006 947 2089; baseline 0.004 -32"><span class='ocrx_word' id='word_1_168' title='bbox 201 2006 308 2059; x_wconf 83' lang='lat' dir='ltr'><strong>Flebile</strong></span> <span class='ocrx_word' id='word_1_169' title='bbox 321 2009 416 2061; x_wconf 90' lang='lat' dir='ltr'><strong>nescio</strong></span> <span class='ocrx_word' id='word_1_170' title='bbox 431 2010 499 2089; x_wconf 89' lang='lat' dir='ltr'><strong>quid</strong></span> <span class='ocrx_word' id='word_1_171' title='bbox 513 2010 640 2080; x_wconf 82' lang='lat' dir='ltr'><strong>queritur</strong></span> <span class='ocrx_word' id='word_1_172' title='bbox 651 2010 722 2079; x_wconf 80' lang='lat' dir='ltr'><strong>lyra,</strong></span> <span class='ocrx_word' id='word_1_173' title='bbox 741 2009 837 2062; x_wconf 88' lang='lat' dir='ltr'><strong>flebile</strong></span> <span class='ocrx_word' id='word_1_174' title='bbox 849 2007 947 2079; x_wconf 75' lang='lat' dir='ltr'><strong>lingua</strong></span> 
     </span>
    </p>

    <p class='ocr_par' dir='ltr' id='par_1_15' title="bbox 201 2077 918 2148">
     <span class='ocr_line' id='line_1_27' title="bbox 201 2077 918 2148; baseline 0.006 -21"><span class='ocrx_word' id='word_1_175' title='bbox 201 2077 359 2129; x_wconf 82' lang='lat' dir='ltr'><strong>Murmurat</strong></span> <span class='ocrx_word' id='word_1_176' title='bbox 371 2079 520 2131; x_wconf 84' lang='lat' dir='ltr'><strong>exanimis:</strong></span> <span class='ocrx_word' id='word_1_177' title='bbox 538 2078 710 2148; x_wconf 87' lang='lat' dir='ltr'><strong>respondent</strong></span> <span class='ocrx_word' id='word_1_178' title='bbox 720 2078 816 2134; x_wconf 85' lang='lat' dir='ltr'><strong>flebile</strong></span> <span class='ocrx_word' id='word_1_179' title='bbox 830 2077 855 2129; x_wconf 88' lang='lat' dir='ltr'><strong>ri</strong></span> <span class='ocrx_word' id='word_1_180' title='bbox 876 2093 918 2131; x_wconf 88' lang='lat' dir='ltr'><strong>ae.</strong></span> 
     </span>
    </p>

    <p class='ocr_par' dir='ltr' id='par_1_16' title="bbox 133 2095 1005 2286">
     <span class='ocr_line' id='line_1_28' title="bbox 201 2095 1005 2217; baseline 0.007 -21"><span class='ocrx_word' id='word_1_181' title='bbox 201 2148 317 2215; x_wconf 90' lang='lat' dir='ltr'><strong>Iamque</strong></span> <span class='ocrx_word' id='word_1_182' title='bbox 330 2164 409 2200; x_wconf 84' lang='lat' dir='ltr'><strong>mare</strong></span> <span class='ocrx_word' id='word_1_183' title='bbox 422 2137 549 2201; x_wconf 74' lang='lat' dir='ltr'><strong>iniectae</strong></span> <span class='ocrx_word' id='word_1_184' title='bbox 561 2149 670 2204; x_wconf 89' lang='lat' dir='ltr'><strong>flumen</strong></span> <span class='ocrx_word' id='word_1_185' title='bbox 682 2148 818 2217; x_wconf 87' lang='lat' dir='ltr'><strong>populare</strong></span> <span class='ocrx_word' id='word_1_186' title='bbox 828 2095 1005 2215; x_wconf 77' lang='lat' dir='ltr'><strong>relinquunt,</strong></span> 
     </span>
     <span class='ocr_line' id='line_1_29' title="bbox 133 2214 818 2286; baseline -0.001 -17"><span class='ocrx_word' id='word_1_187' title='bbox 133 2216 166 2271; x_wconf 79' lang='lat'><strong>55</strong></span> <span class='ocrx_word' id='word_1_188' title='bbox 201 2216 235 2266; x_wconf 89' lang='lat' dir='ltr'><strong>Et</strong></span> <span class='ocrx_word' id='word_1_189' title='bbox 246 2214 459 2286; x_wconf 77' lang='lat' dir='ltr'><strong>Methymnaeae</strong></span> <span class='ocrx_word' id='word_1_190' title='bbox 473 2218 621 2286; x_wconf 86' lang='lat' dir='ltr'><strong>potiuntur</strong></span> <span class='ocrx_word' id='word_1_191' title='bbox 634 2218 717 2271; x_wconf 89' lang='lat' dir='ltr'><strong>litore</strong></span> <span class='ocrx_word' id='word_1_192' title='bbox 729 2217 818 2270; x_wconf 84' lang='lat' dir='ltr'><strong>Lesbi.</strong></span> 
     </span>
    </p>

    <p class='ocr_par' dir='ltr' id='par_1_17' title="bbox 200 2283 891 2357">
     <span class='ocr_line' id='line_1_30' title="bbox 200 2283 891 2357; baseline 0.004 -22"><span class='ocrx_word' id='word_1_193' title='bbox 200 2283 252 2336; x_wconf 85' lang='lat' dir='ltr'><strong>Hic</strong></span> <span class='ocrx_word' id='word_1_194' title='bbox 263 2283 340 2336; x_wconf 87' lang='lat' dir='ltr'><strong>ferus</strong></span> <span class='ocrx_word' id='word_1_195' title='bbox 356 2286 511 2354; x_wconf 79' lang='lat' dir='ltr'><strong>expositum</strong></span> <span class='ocrx_word' id='word_1_196' title='bbox 523 2286 677 2357; x_wconf 74' lang='lat' dir='ltr'><strong>peregrinis</strong></span> <span class='ocrx_word' id='word_1_197' title='bbox 689 2286 786 2357; x_wconf 75' lang='lat' dir='ltr'><strong>anguis</strong></span> <span class='ocrx_word' id='word_1_198' title='bbox 800 2284 891 2338; x_wconf 85' lang='lat' dir='ltr'><strong>arenis</strong></span> 
     </span>
    </p>

    <p class='ocr_par' dir='ltr' id='par_1_18' title="bbox 200 2354 848 2425">
     <span class='ocr_line' id='line_1_31' title="bbox 200 2354 848 2425; baseline 0.008 -22"><span class='ocrx_word' id='word_1_199' title='bbox 200 2356 236 2405; x_wconf 89' lang='lat' dir='ltr'><strong>Os</strong></span> <span class='ocrx_word' id='word_1_200' title='bbox 253 2354 332 2422; x_wconf 83' lang='lat' dir='ltr'><strong>petit,</strong></span> <span class='ocrx_word' id='word_1_201' title='bbox 350 2362 379 2406; x_wconf 87' lang='lat' dir='ltr'><strong>et</strong></span> <span class='ocrx_word' id='word_1_202' title='bbox 389 2371 499 2424; x_wconf 81' lang='lat' dir='ltr'><strong>sparsos</strong></span> <span class='ocrx_word' id='word_1_203' title='bbox 510 2355 630 2408; x_wconf 87' lang='lat' dir='ltr'><strong>stillanti</strong></span> <span class='ocrx_word' id='word_1_204' title='bbox 640 2373 707 2409; x_wconf 87' lang='lat' dir='ltr'><strong>rore</strong></span> <span class='ocrx_word' id='word_1_205' title='bbox 721 2355 848 2425; x_wconf 85' lang='lat' dir='ltr'><strong>capillos.</strong></span> 
     </span>
    </p>

    <p class='ocr_par' dir='ltr' id='par_1_19' title="bbox 200 2421 1029 2495">
     <span class='ocr_line' id='line_1_32' title="bbox 200 2421 1029 2495; baseline 0 -21"><span class='ocrx_word' id='word_1_206' title='bbox 200 2421 328 2475; x_wconf 85' lang='lat' dir='ltr'><strong>Tandem</strong></span> <span class='ocrx_word' id='word_1_207' title='bbox 340 2424 468 2476; x_wconf 90' lang='lat' dir='ltr'><strong>Phoebus</strong></span> <span class='ocrx_word' id='word_1_208' title='bbox 479 2424 567 2491; x_wconf 81' lang='lat' dir='ltr'><strong>adest,</strong></span> <span class='ocrx_word' id='word_1_209' title='bbox 579 2441 750 2495; x_wconf 80' lang='lat' dir='ltr'><strong>morsusque</strong></span> <span class='ocrx_word' id='word_1_210' title='bbox 762 2424 870 2476; x_wconf 86' lang='lat' dir='ltr'><strong>inferre</strong></span> <span class='ocrx_word' id='word_1_211' title='bbox 881 2431 1029 2492; x_wconf 77' lang='lat' dir='ltr'><strong>paramem</strong></span> 
     </span>
    </p>

    <p class='ocr_par' dir='ltr' id='par_1_20' title="bbox 200 2493 894 2564">
     <span class='ocr_line' id='line_1_33' title="bbox 200 2493 894 2564; baseline 0.001 -21"><span class='ocrx_word' id='word_1_212' title='bbox 200 2497 294 2558; x_wconf 78' lang='lat' dir='ltr'><strong>Arcet,</strong></span> <span class='ocrx_word' id='word_1_213' title='bbox 310 2493 380 2545; x_wconf 89' lang='lat' dir='ltr'><strong>etin</strong></span> <span class='ocrx_word' id='word_1_214' title='bbox 392 2493 516 2563; x_wconf 84' lang='lat' dir='ltr'><strong>lapidem</strong></span> <span class='ocrx_word' id='word_1_215' title='bbox 529 2494 620 2548; x_wconf 86' lang='lat' dir='ltr'><strong>rictus</strong></span> <span class='ocrx_word' id='word_1_216' title='bbox 632 2495 768 2564; x_wconf 80' lang='lat' dir='ltr'><strong>serpentia</strong></span> <span class='ocrx_word' id='word_1_217' title='bbox 781 2502 894 2562; x_wconf 88' lang='lat' dir='ltr'><strong>apertos</strong></span> 
     </span>
    </p>
   </div>
   <div class='ocr_carea' id='block_1_5' title="bbox 24 2560 925 2636">
    <p class='ocr_par' dir='ltr' id='par_1_21' title="bbox 24 2560 925 2636">
     <span class='ocr_line' id='line_1_34' title="bbox 24 2560 925 2636; baseline 0 -20"><span class='ocrx_word' id='word_1_218' title='bbox 24 2619 28 2630; x_wconf 63' lang='grc'>,</span> <span class='ocrx_word' id='word_1_219' title='bbox 132 2560 167 2617; x_wconf 85' lang='grc'><strong>60</strong></span> <span class='ocrx_word' id='word_1_220' title='bbox 202 2560 346 2631; x_wconf 74' lang='lat' dir='ltr'><strong>congelat,</strong></span> <span class='ocrx_word' id='word_1_221' title='bbox 365 2571 394 2613; x_wconf 89' lang='lat' dir='ltr'><strong>et</strong></span> <span class='ocrx_word' id='word_1_222' title='bbox 406 2563 526 2632; x_wconf 78' lang='lat' dir='ltr'><strong>patulos,</strong></span> <span class='ocrx_word' id='word_1_223' title='bbox 543 2572 577 2616; x_wconf 89' lang='lat' dir='ltr'><strong>ut</strong></span> <span class='ocrx_word' id='word_1_224' title='bbox 591 2572 680 2636; x_wconf 82' lang='lat' dir='ltr'><strong>erant,</strong></span> <span class='ocrx_word' id='word_1_225' title='bbox 698 2563 811 2616; x_wconf 87' lang='lat' dir='ltr'><strong>indurat</strong></span> <span class='ocrx_word' id='word_1_226' title='bbox 823 2561 925 2618; x_wconf 85' lang='lat' dir='ltr'><strong>hiatus.</strong></span> 
     </span>
    </p>
   </div>
   <div class='ocr_carea' id='block_1_6' title="bbox 122 2630 1007 3327">
    <p class='ocr_par' dir='ltr' id='par_1_22' title="bbox 199 2630 997 2911">
     <span class='ocr_line' id='line_1_35' title="bbox 201 2630 951 2703; baseline 0.003 -22"><span class='ocrx_word' id='word_1_227' title='bbox 201 2630 310 2682; x_wconf 88' lang='lat' dir='ltr'><strong>Umbra</strong></span> <span class='ocrx_word' id='word_1_228' title='bbox 319 2630 394 2683; x_wconf 86' lang='lat' dir='ltr'><strong>subit</strong></span> <span class='ocrx_word' id='word_1_229' title='bbox 406 2641 512 2687; x_wconf 84' lang='lat' dir='ltr'><strong>terras:</strong></span> <span class='ocrx_word' id='word_1_230' title='bbox 532 2642 569 2701; x_wconf 87' lang='lat' dir='ltr'><strong>et,</strong></span> <span class='ocrx_word' id='word_1_231' title='bbox 588 2649 661 2703; x_wconf 86' lang='lat' dir='ltr'><strong>quae</strong></span> <span class='ocrx_word' id='word_1_232' title='bbox 673 2632 738 2686; x_wconf 86' lang='lat' dir='ltr'><strong>loca</strong></span> <span class='ocrx_word' id='word_1_233' title='bbox 752 2632 860 2686; x_wconf 85' lang='lat' dir='ltr'><strong>viderat</strong></span> <span class='ocrx_word' id='word_1_234' title='bbox 875 2640 951 2697; x_wconf 85' lang='lat' dir='ltr'><strong>ante,</strong></span> 
     </span>
     <span class='ocr_line' id='line_1_36' title="bbox 202 2700 997 2772; baseline 0.006 -21"><span class='ocrx_word' id='word_1_235' title='bbox 202 2700 308 2752; x_wconf 83' lang='lat' dir='ltr'><strong>Cuncta</strong></span> <span class='ocrx_word' id='word_1_236' title='bbox 322 2702 516 2772; x_wconf 69' lang='lat' dir='ltr'><strong>recognoscite</strong></span> <span class='ocrx_word' id='word_1_237' title='bbox 534 2719 726 2772; x_wconf 80' lang='lat' dir='ltr'><strong>quaerensque</strong></span> <span class='ocrx_word' id='word_1_238' title='bbox 740 2717 791 2771; x_wconf 86' lang='lat' dir='ltr'><strong>per</strong></span> <span class='ocrx_word' id='word_1_239' title='bbox 803 2719 870 2756; x_wconf 78' lang='lat' dir='ltr'><strong>arua</strong></span> <span class='ocrx_word' id='word_1_240' title='bbox 882 2700 997 2769; x_wconf 83' lang='lat' dir='ltr'><strong>piorum</strong></span> 
     </span>
     <span class='ocr_line' id='line_1_37' title="bbox 200 2768 965 2843; baseline 0.003 -23"><span class='ocrx_word' id='word_1_241' title='bbox 200 2769 309 2820; x_wconf 85' lang='lat' dir='ltr'><strong>Invenit</strong></span> <span class='ocrx_word' id='word_1_242' title='bbox 321 2770 487 2839; x_wconf 82' lang='lat' dir='ltr'><strong>Eurydicen,</strong></span> <span class='ocrx_word' id='word_1_243' title='bbox 504 2772 670 2843; x_wconf 88' lang='lat' dir='ltr'><strong>cupidisque</strong></span> <span class='ocrx_word' id='word_1_244' title='bbox 685 2772 865 2841; x_wconf 84' lang='lat' dir='ltr'><strong>amplectitur</strong></span> <span class='ocrx_word' id='word_1_245' title='bbox 881 2768 965 2823; x_wconf 83' lang='lat' dir='ltr'><strong>ulnis.</strong></span> 
     </span>
     <span class='ocr_line' id='line_1_38' title="bbox 199 2837 944 2911; baseline 0.003 -23"><span class='ocrx_word' id='word_1_246' title='bbox 199 2838 252 2889; x_wconf 89' lang='lat' dir='ltr'><strong>Hic</strong></span> <span class='ocrx_word' id='word_1_247' title='bbox 267 2837 352 2890; x_wconf 88' lang='lat' dir='ltr'><strong>modo</strong></span> <span class='ocrx_word' id='word_1_248' title='bbox 366 2840 524 2894; x_wconf 86' lang='lat' dir='ltr'><strong>coniunctis</strong></span> <span class='ocrx_word' id='word_1_249' title='bbox 539 2842 693 2911; x_wconf 83' lang='lat' dir='ltr'><strong>spatiantur</strong></span> <span class='ocrx_word' id='word_1_250' title='bbox 707 2842 831 2911; x_wconf 82' lang='lat' dir='ltr'><strong>passibus</strong></span> <span class='ocrx_word' id='word_1_251' title='bbox 844 2840 944 2894; x_wconf 87' lang='lat' dir='ltr'><strong>ambo:</strong></span> 
     </span>
    </p>

    <p class='ocr_par' dir='ltr' id='par_1_23' title="bbox 122 2908 1007 3049">
     <span class='ocr_line' id='line_1_39' title="bbox 122 2908 1007 2987; baseline 0.002 -27"><span class='ocrx_word' id='word_1_252' title='bbox 122 2908 165 2963; x_wconf 55' lang='lat'><strong>165</strong></span> <span class='ocrx_word' id='word_1_253' title='bbox 199 2908 282 2960; x_wconf 83' lang='lat' dir='ltr'><strong>Nunc</strong></span> <span class='ocrx_word' id='word_1_254' title='bbox 295 2909 513 2987; x_wconf 78' lang='lat' dir='ltr'><strong>praecedentem</strong></span> <span class='ocrx_word' id='word_1_255' title='bbox 523 2912 664 2981; x_wconf 85' lang='lat' dir='ltr'><strong>sequitur,</strong></span> <span class='ocrx_word' id='word_1_256' title='bbox 681 2927 757 2964; x_wconf 90' lang='lat' dir='ltr'><strong>nunc</strong></span> <span class='ocrx_word' id='word_1_257' title='bbox 769 2910 898 2979; x_wconf 84' lang='lat' dir='ltr'><strong>praevius</strong></span> <span class='ocrx_word' id='word_1_258' title='bbox 911 2908 1007 2974; x_wconf 79' lang='lat' dir='ltr'><strong>anteit,</strong></span> 
     </span>
     <span class='ocr_line' id='line_1_40' title="bbox 198 2975 923 3049; baseline 0.004 -21"><span class='ocrx_word' id='word_1_259' title='bbox 198 2975 410 3045; x_wconf 80' lang='lat' dir='ltr'><strong>Eurydicenque</strong></span> <span class='ocrx_word' id='word_1_260' title='bbox 424 2996 504 3031; x_wconf 86' lang='lat' dir='ltr'><strong>suam</strong></span> <span class='ocrx_word' id='word_1_261' title='bbox 516 2980 575 3032; x_wconf 87' lang='lat' dir='ltr'><strong>iam</strong></span> <span class='ocrx_word' id='word_1_262' title='bbox 588 2989 650 3033; x_wconf 86' lang='lat' dir='ltr'><strong>tuto</strong></span> <span class='ocrx_word' id='word_1_263' title='bbox 664 2980 774 3049; x_wconf 84' lang='lat' dir='ltr'><strong>respisit</strong></span> <span class='ocrx_word' id='word_1_264' title='bbox 787 2978 923 3048; x_wconf 85' lang='lat' dir='ltr'><strong>Orpheus.</strong></span> 
     </span>
    </p>

    <p class='ocr_par' dir='ltr' id='par_1_24' title="bbox 199 3045 1002 3252">
     <span class='ocr_line' id='line_1_41' title="bbox 234 3045 1002 3116; baseline 0 -19"><span class='ocrx_word' id='word_1_265' title='bbox 234 3046 297 3097; x_wconf 90' lang='lat' dir='ltr'><strong>Non</strong></span> <span class='ocrx_word' id='word_1_266' title='bbox 312 3045 427 3114; x_wconf 90' lang='lat' dir='ltr'><strong>impune</strong></span> <span class='ocrx_word' id='word_1_267' title='bbox 442 3057 538 3102; x_wconf 85' lang='lat' dir='ltr'><strong>tamen</strong></span> <span class='ocrx_word' id='word_1_268' title='bbox 552 3050 643 3104; x_wconf 84' lang='lat' dir='ltr'><strong>scelus</strong></span> <span class='ocrx_word' id='word_1_269' title='bbox 657 3049 713 3102; x_wconf 91' lang='lat' dir='ltr'><strong>hoc</strong></span> <span class='ocrx_word' id='word_1_270' title='bbox 724 3049 790 3101; x_wconf 90' lang='lat' dir='ltr'><strong>sinit</strong></span> <span class='ocrx_word' id='word_1_271' title='bbox 805 3064 864 3101; x_wconf 86' lang='lat' dir='ltr'><strong>esse</strong></span> <span class='ocrx_word' id='word_1_272' title='bbox 879 3050 1002 3116; x_wconf 76' lang='lat' dir='ltr'><strong>Lyaeus:</strong></span> 
     </span>
     <span class='ocr_line' id='line_1_42' title="bbox 199 3113 885 3183; baseline 0.012 -19"><span class='ocrx_word' id='word_1_273' title='bbox 199 3113 394 3183; x_wconf 42' lang='lat' dir='ltr'><strong>‘immissoque</strong></span> <span class='ocrx_word' id='word_1_274' title='bbox 408 3116 505 3170; x_wconf 86' lang='lat' dir='ltr'><strong>dolens</strong></span> <span class='ocrx_word' id='word_1_275' title='bbox 518 3134 665 3172; x_wconf 81' lang='lat' dir='ltr'><strong>sacrorum</strong></span> <span class='ocrx_word' id='word_1_276' title='bbox 680 3126 745 3174; x_wconf 87' lang='lat' dir='ltr'><strong>vate</strong></span> <span class='ocrx_word' id='word_1_277' title='bbox 760 3134 885 3182; x_wconf 85' lang='lat' dir='ltr'><strong>suorum,</strong></span> 
     </span>
     <span class='ocr_line' id='line_1_43' title="bbox 199 3182 849 3252; baseline 0.008 -17"><span class='ocrx_word' id='word_1_278' title='bbox 199 3182 327 3236; x_wconf 87' lang='lat' dir='ltr'><strong>Protinus</strong></span> <span class='ocrx_word' id='word_1_279' title='bbox 340 3184 370 3234; x_wconf 91' lang='lat' dir='ltr'><strong>in</strong></span> <span class='ocrx_word' id='word_1_280' title='bbox 383 3184 458 3238; x_wconf 83' lang='lat' dir='ltr'><strong>silvis</strong></span> <span class='ocrx_word' id='word_1_281' title='bbox 472 3194 576 3240; x_wconf 77' lang='lat' dir='ltr'><strong>matres</strong></span> <span class='ocrx_word' id='word_1_282' title='bbox 590 3187 728 3244; x_wconf 80' lang='lat' dir='ltr'><strong>Edonidas</strong></span> <span class='ocrx_word' id='word_1_283' title='bbox 742 3203 849 3252; x_wconf 84' lang='lat' dir='ltr'><strong>omnes,</strong></span> 
     </span>
    </p>

    <p class='ocr_par' dir='ltr' id='par_1_25' title="bbox 130 3250 811 3327">
     <span class='ocr_line' id='line_1_44' title="bbox 130 3250 811 3327; baseline 0.009 -23"><span class='ocrx_word' id='word_1_284' title='bbox 130 3252 166 3304; x_wconf 87' lang='lat'><strong>70</strong></span> <span class='ocrx_word' id='word_1_285' title='bbox 200 3254 278 3313; x_wconf 82' lang='lat' dir='ltr'><strong>Quae</strong></span> <span class='ocrx_word' id='word_1_286' title='bbox 294 3250 388 3304; x_wconf 86' lang='lat' dir='ltr'><strong>fecere</strong></span> <span class='ocrx_word' id='word_1_287' title='bbox 404 3255 492 3321; x_wconf 81' lang='lat' dir='ltr'><strong>nefas,</strong></span> <span class='ocrx_word' id='word_1_288' title='bbox 509 3265 585 3308; x_wconf 86' lang='lat' dir='ltr'><strong>torta</strong></span> <span class='ocrx_word' id='word_1_289' title='bbox 598 3256 695 3310; x_wconf 86' lang='lat' dir='ltr'><strong>radice</strong></span> <span class='ocrx_word' id='word_1_290' title='bbox 706 3257 811 3327; x_wconf 76' lang='lat' dir='ltr'><strong>ligavit.</strong></span> 
     </span>
    </p>
   </div>
   <div class='ocr_carea' id='block_1_7' title="bbox 200 3320 1092 3404">
    <p class='ocr_par' dir='ltr' id='par_1_26' title="bbox 200 3320 1092 3404">
     <span class='ocr_line' id='line_1_45' title="bbox 200 3320 1092 3404; baseline 0.008 -32"><span class='ocrx_word' id='word_1_291' title='bbox 200 3320 307 3389; x_wconf 83' lang='lat' dir='ltr'><strong>Quippe</strong></span> <span class='ocrx_word' id='word_1_292' title='bbox 321 3320 426 3390; x_wconf 82' lang='lat' dir='ltr'><strong>pedum</strong></span> <span class='ocrx_word' id='word_1_293' title='bbox 438 3324 550 3396; x_wconf 78' lang='lat' dir='ltr'><strong>digitos,</strong></span> <span class='ocrx_word' id='word_1_294' title='bbox 567 3326 597 3378; x_wconf 90' lang='lat' dir='ltr'><strong>in</strong></span> <span class='ocrx_word' id='word_1_295' title='bbox 615 3334 753 3404; x_wconf 64' lang='lat' dir='ltr'><strong>quntum</strong></span> <span class='ocrx_word' id='word_1_296' title='bbox 778 3339 906 3397; x_wconf 86' lang='lat' dir='ltr'><strong>quaeque</strong></span> <span class='ocrx_word' id='word_1_297' title='bbox 924 3330 1019 3378; x_wconf 70' lang='lat' dir='ltr'><strong>secuta</strong></span> <span class='ocrx_word' id='word_1_298' title='bbox 1035 3328 1092 3387; x_wconf 69' lang='lat' dir='ltr'><strong>att,</strong></span> 
     </span>
    </p>
   </div>
   <div class='ocr_carea' id='block_1_8' title="bbox 0 0 1180 3834">
    <p class='ocr_par' dir='ltr' id='par_1_27' title="bbox 0 0 1180 3834">
     <span class='ocr_line' id='line_1_46' title="bbox 0 0 1180 3834; baseline 0 1"><span class='ocrx_word' id='word_1_299' title='bbox 0 0 1180 3834; x_wconf 95' lang='lat' dir='ltr'><strong> </strong></span> 
     </span>
    </p>
   </div>
  </div>
 </body>
</html>
