<?xml version="1.0" encoding="UTF-8"?>
<!DOCTYPE html PUBLIC "-//W3C//DTD XHTML 1.0 Transitional//EN"
    "http://www.w3.org/TR/xhtml1/DTD/xhtml1-transitional.dtd">
<html xmlns="http://www.w3.org/1999/xhtml" xml:lang="en" lang="en">
 <head>
  <title>
</title>
<meta http-equiv="Content-Type" content="text/html;charset=utf-8" />
  <meta name='ocr-system' content='tesseract 3.04.00' />
  <meta name='ocr-capabilities' content='ocr_page ocr_carea ocr_par ocr_line ocrx_word'/>
</head>
<body>
  <div class='ocr_page' id='page_1' title='image "./operaomnia03ovidgoog/operaomnia03ovidgoog_0118.png"; bbox 0 0 2350 3834; ppageno 0'>
   <div class='ocr_carea' id='block_1_1' title="bbox 162 223 1002 292">
    <p class='ocr_par' dir='ltr' id='par_1_1' title="bbox 162 223 1002 292">
     <span class='ocr_line' id='line_1_1' title="bbox 162 223 1002 292; baseline -0.005 -4"><span class='ocrx_word' id='word_1_1' title='bbox 162 228 225 292; x_wconf 83' lang='lat'><strong>110</strong></span> <span class='ocrx_word' id='word_1_2' title='bbox 276 229 308 283; x_wconf 82' lang='grc' dir='ltr'><strong>Ρ.</strong></span> <span class='ocrx_word' id='word_1_3' title='bbox 330 225 454 282; x_wconf 81' lang='lat' dir='ltr'>OVID.</span> <span class='ocrx_word' id='word_1_4' title='bbox 476 224 638 284; x_wconf 80' lang='lat' dir='ltr'><strong>Nason.</strong></span> <span class='ocrx_word' id='word_1_5' title='bbox 661 223 832 284; x_wconf 79' lang='grc' dir='ltr'><strong>ΜΕΤΑΜ.</strong></span> <span class='ocrx_word' id='word_1_6' title='bbox 850 228 932 284; x_wconf 75' lang='lat' dir='ltr'><strong>tte.</strong></span> <span class='ocrx_word' id='word_1_7' title='bbox 954 230 1002 285; x_wconf 79' lang='lat' dir='ltr'><strong>vt.</strong></span> 
     </span>
    </p>
   </div>
   <div class='ocr_carea' id='block_1_2' title="bbox 98 369 1146 2719">
    <p class='ocr_par' dir='ltr' id='par_1_2' title="bbox 98 369 1146 1890">
     <span class='ocr_line' id='line_1_2' title="bbox 228 369 1000 446; baseline 0.001 -17"><span class='ocrx_word' id='word_1_8' title='bbox 228 370 385 437; x_wconf 66' lang='lat' dir='ltr'><strong>Sae‘vitiam,</strong></span> <span class='ocrx_word' id='word_1_9' title='bbox 403 378 432 424; x_wconf 92' lang='lat' dir='ltr'><strong>et</strong></span> <span class='ocrx_word' id='word_1_10' title='bbox 443 369 525 438; x_wconf 84' lang='lat' dir='ltr'><strong>sires,</strong></span> <span class='ocrx_word' id='word_1_11' title='bbox 535 369 673 443; x_wconf 78' lang='lat' dir='ltr'><strong>iramque,</strong></span> <span class='ocrx_word' id='word_1_12' title='bbox 692 372 853 446; x_wconf 88' lang='lat' dir='ltr'><strong>animosque</strong></span> <span class='ocrx_word' id='word_1_13' title='bbox 865 373 1000 445; x_wconf 86' lang='lat' dir='ltr'><strong>minaces,</strong></span> 
     </span>
     <span class='ocr_line' id='line_1_3' title="bbox 229 442 955 511; baseline 0.003 -14"><span class='ocrx_word' id='word_1_14' title='bbox 229 442 344 496; x_wconf 80' lang='lat' dir='ltr'><strong>Admovi</strong></span> <span class='ocrx_word' id='word_1_15' title='bbox 386 457 401 493; x_wconf 92' lang='lat' dir='ltr'><strong>e</strong></span> <span class='ocrx_word' id='word_1_16' title='bbox 416 457 522 511; x_wconf 84' lang='lat' dir='ltr'>preces,</span> <span class='ocrx_word' id='word_1_17' title='bbox 541 459 660 511; x_wconf 87' lang='lat' dir='ltr'><strong>quarum</strong></span> <span class='ocrx_word' id='word_1_18' title='bbox 674 459 719 494; x_wconf 93' lang='lat' dir='ltr'><strong>me</strong></span> <span class='ocrx_word' id='word_1_19' title='bbox 735 442 852 495; x_wconf 83' lang='lat' dir='ltr'><strong>dedecet</strong></span> <span class='ocrx_word' id='word_1_20' title='bbox 866 445 955 499; x_wconf 75' lang='lat' dir='ltr'><strong>usus?</strong></span> 
     </span>
     <span class='ocr_line' id='line_1_4' title="bbox 160 509 865 583; baseline -0.003 -18"><span class='ocrx_word' id='word_1_21' title='bbox 160 519 213 574; x_wconf 83' lang='lat'><strong>690</strong></span> <span class='ocrx_word' id='word_1_22' title='bbox 229 521 300 583; x_wconf 83' lang='lat' dir='ltr'><strong>Apta</strong></span> <span class='ocrx_word' id='word_1_23' title='bbox 311 511 349 563; x_wconf 81' lang='lat' dir='ltr'><strong>ns&#39;</strong></span> <span class='ocrx_word' id='word_1_24' title='bbox 371 509 381 561; x_wconf 92' lang='lat' dir='ltr'><strong>i</strong></span> <span class='ocrx_word' id='word_1_25' title='bbox 393 510 433 562; x_wconf 80' lang='lat' dir='ltr'><strong>ris</strong></span> <span class='ocrx_word' id='word_1_26' title='bbox 449 518 504 561; x_wconf 80' lang='lat' dir='ltr'><strong>est:</strong></span> <span class='ocrx_word' id='word_1_27' title='bbox 521 510 550 561; x_wconf 81' lang='lat' dir='ltr'><strong>vi</strong></span> <span class='ocrx_word' id='word_1_28' title='bbox 563 511 653 562; x_wconf 90' lang='lat' dir='ltr'><strong>tristia</strong></span> <span class='ocrx_word' id='word_1_29' title='bbox 666 511 761 563; x_wconf 88' lang='lat' dir='ltr'><strong>nubila</strong></span> <span class='ocrx_word' id='word_1_30' title='bbox 773 511 865 581; x_wconf 78' lang='lat' dir='ltr'><strong>pell03</strong></span> 
     </span>
     <span class='ocr_line' id='line_1_5' title="bbox 227 577 896 649; baseline -0.004 -14"><span class='ocrx_word' id='word_1_31' title='bbox 227 584 262 635; x_wconf 87' lang='lat' dir='ltr'><strong>Vi</strong></span> <span class='ocrx_word' id='word_1_32' title='bbox 270 581 344 633; x_wconf 78' lang='lat' dir='ltr'><strong>freta</strong></span> <span class='ocrx_word' id='word_1_33' title='bbox 358 577 496 645; x_wconf 82' lang='lat' dir='ltr'><strong>concutio,</strong></span> <span class='ocrx_word' id='word_1_34' title='bbox 511 579 673 649; x_wconf 79' lang='lat' dir='ltr'><strong>nodosaque</strong></span> <span class='ocrx_word' id='word_1_35' title='bbox 687 580 792 632; x_wconf 86' lang='lat' dir='ltr'><strong>robora</strong></span> <span class='ocrx_word' id='word_1_36' title='bbox 805 589 896 648; x_wconf 80' lang='lat' dir='ltr'><strong>verto,</strong></span> 
     </span>
     <span class='ocr_line' id='line_1_6' title="bbox 227 647 928 719; baseline 0 -17"><span class='ocrx_word' id='word_1_37' title='bbox 227 651 386 717; x_wconf 81' lang='lat' dir='ltr'><strong>Indumque</strong></span> <span class='ocrx_word' id='word_1_38' title='bbox 401 647 485 710; x_wconf 84' lang='lat' dir='ltr'><strong>nives,</strong></span> <span class='ocrx_word' id='word_1_39' title='bbox 504 656 533 699; x_wconf 92' lang='lat' dir='ltr'><strong>et</strong></span> <span class='ocrx_word' id='word_1_40' title='bbox 545 657 634 700; x_wconf 83' lang='lat' dir='ltr'><strong>terras</strong></span> <span class='ocrx_word' id='word_1_41' title='bbox 683 647 783 702; x_wconf 84' lang='lat' dir='ltr'><strong>andine</strong></span> <span class='ocrx_word' id='word_1_42' title='bbox 795 649 885 719; x_wconf 83' lang='lat' dir='ltr'><strong>pulso.</strong></span> <span class='ocrx_word' id='word_1_43' title='bbox 919 651 928 661; x_wconf 87' lang='grc'><strong>“</strong></span> 
     </span>
     <span class='ocr_line' id='line_1_7' title="bbox 227 716 982 795; baseline -0.001 -22"><span class='ocrx_word' id='word_1_44' title='bbox 227 721 306 774; x_wconf 84' lang='lat' dir='ltr'><strong>Idem</strong></span> <span class='ocrx_word' id='word_1_45' title='bbox 318 733 385 795; x_wconf 50' lang='grc' dir='ltr'><strong>ομ·</strong></span> <span class='ocrx_word' id='word_1_46' title='bbox 399 733 465 769; x_wconf 88' lang='lat' dir='ltr'><strong>cum</strong></span> <span class='ocrx_word' id='word_1_47' title='bbox 477 716 576 770; x_wconf 80' lang='lat' dir='ltr'><strong>fratres</strong></span> <span class='ocrx_word' id='word_1_48' title='bbox 591 733 642 770; x_wconf 87' lang='lat' dir='ltr'><strong>coe</strong></span> <span class='ocrx_word' id='word_1_49' title='bbox 654 735 671 770; x_wconf 87' lang='grc' dir='ltr'>ο</span> <span class='ocrx_word' id='word_1_50' title='bbox 686 735 750 770; x_wconf 87' lang='lat' dir='ltr'><strong>sum</strong></span> <span class='ocrx_word' id='word_1_51' title='bbox 760 728 860 771; x_wconf 89' lang='lat' dir='ltr'><strong>nactus</strong></span> <span class='ocrx_word' id='word_1_52' title='bbox 873 726 982 789; x_wconf 86' lang='lat' dir='ltr'><strong>aperto,</strong></span> 
     </span>
     <span class='ocr_line' id='line_1_8' title="bbox 155 785 976 858; baseline 0.007 -22"><span class='ocrx_word' id='word_1_53' title='bbox 155 853 159 858; x_wconf 17' lang='grc' dir='ltr'><em>Α</em></span> <span class='ocrx_word' id='word_1_54' title='bbox 218 792 301 844; x_wconf 72' lang='lat' dir='ltr'><strong>Nam</strong></span> <span class='ocrx_word' id='word_1_55' title='bbox 312 785 383 838; x_wconf 81' lang='lat' dir='ltr'><strong>nuhi</strong></span> <span class='ocrx_word' id='word_1_56' title='bbox 395 802 510 854; x_wconf 81' lang='lat' dir='ltr'><strong>campus</strong></span> <span class='ocrx_word' id='word_1_57' title='bbox 520 785 543 838; x_wconf 90' lang='lat' dir='ltr'><strong>is</strong></span> <span class='ocrx_word' id='word_1_58' title='bbox 558 795 609 854; x_wconf 81' lang='lat' dir='ltr'><strong>est,</strong></span> <span class='ocrx_word' id='word_1_59' title='bbox 625 795 703 839; x_wconf 86' lang='lat' dir='ltr'><strong>tanto</strong></span> <span class='ocrx_word' id='word_1_60' title='bbox 715 787 861 843; x_wconf 80' lang='lat' dir='ltr'><strong>molimine</strong></span> <span class='ocrx_word' id='word_1_61' title='bbox 873 787 976 856; x_wconf 86' lang='lat' dir='ltr'><strong>luctor,</strong></span> 
     </span>
     <span class='ocr_line' id='line_1_9' title="bbox 159 854 930 925; baseline -0.001 -14"><span class='ocrx_word' id='word_1_62' title='bbox 159 861 211 920; x_wconf 83' lang='grc'><strong>695</strong></span> <span class='ocrx_word' id='word_1_63' title='bbox 229 863 267 911; x_wconf 85' lang='lat' dir='ltr'><strong>Ut</strong></span> <span class='ocrx_word' id='word_1_64' title='bbox 281 854 388 910; x_wconf 85' lang='lat' dir='ltr'><strong>medius</strong></span> <span class='ocrx_word' id='word_1_65' title='bbox 400 855 500 907; x_wconf 86' lang='lat' dir='ltr'><strong>nostris</strong></span> <span class='ocrx_word' id='word_1_66' title='bbox 511 856 692 908; x_wconf 76' lang='lat' dir='ltr'><strong>concursibus</strong></span> <span class='ocrx_word' id='word_1_67' title='bbox 701 856 811 909; x_wconf 83' lang='lat' dir='ltr'><strong>intonet</strong></span> <span class='ocrx_word' id='word_1_68' title='bbox 824 857 930 925; x_wconf 79' lang='lat' dir='ltr'><strong>aether,</strong></span> 
     </span>
     <span class='ocr_line' id='line_1_10' title="bbox 230 922 794 998; baseline -0.004 -17"><span class='ocrx_word' id='word_1_69' title='bbox 230 926 403 995; x_wconf 83' lang='lat' dir='ltr'><strong>Exssiantque</strong></span> <span class='ocrx_word' id='word_1_70' title='bbox 416 922 489 975; x_wconf 81' lang='lat' dir='ltr'><strong>cavis</strong></span> <span class='ocrx_word' id='word_1_71' title='bbox 504 924 563 976; x_wconf 88' lang='lat' dir='ltr'><strong>elisi</strong></span> <span class='ocrx_word' id='word_1_72' title='bbox 575 924 695 978; x_wconf 86' lang='lat' dir='ltr'><strong>nubibus</strong></span> <span class='ocrx_word' id='word_1_73' title='bbox 706 924 794 998; x_wconf 79' lang='lat' dir='ltr'><strong>ignes.</strong></span> 
     </span>
     <span class='ocr_line' id='line_1_11' title="bbox 228 993 953 1065; baseline -0.003 -14"><span class='ocrx_word' id='word_1_74' title='bbox 228 998 307 1052; x_wconf 84' lang='lat' dir='ltr'><strong>Idem</strong></span> <span class='ocrx_word' id='word_1_75' title='bbox 321 1010 384 1065; x_wconf 81' lang='lat' dir='ltr'><strong>ego,</strong></span> <span class='ocrx_word' id='word_1_76' title='bbox 402 1009 467 1046; x_wconf 86' lang='lat' dir='ltr'><strong>cum</strong></span> <span class='ocrx_word' id='word_1_77' title='bbox 482 993 554 1046; x_wconf 86' lang='lat' dir='ltr'><strong>subii</strong></span> <span class='ocrx_word' id='word_1_78' title='bbox 568 1010 690 1046; x_wconf 82' lang='lat' dir='ltr'><strong>convexa</strong></span> <span class='ocrx_word' id='word_1_79' title='bbox 702 993 953 1065; x_wconf 81' lang='lat' dir='ltr'><strong>foraminaterrae,</strong></span> 
     </span>
     <span class='ocr_line' id='line_1_12' title="bbox 228 1062 902 1146; baseline -0.007 -27"><span class='ocrx_word' id='word_1_80' title='bbox 228 1072 266 1119; x_wconf 83' lang='lat' dir='ltr'><strong>Su</strong></span> <span class='ocrx_word' id='word_1_81' title='bbox 285 1064 418 1146; x_wconf 88' lang='lat' dir='ltr'><strong>posuique</strong></span> <span class='ocrx_word' id='word_1_82' title='bbox 429 1062 582 1115; x_wconf 67' lang='lat' dir='ltr'><strong>serotinus</strong></span> <span class='ocrx_word' id='word_1_83' title='bbox 595 1079 660 1115; x_wconf 86' lang='lat' dir='ltr'><strong>mea</strong></span> <span class='ocrx_word' id='word_1_84' title='bbox 668 1065 748 1135; x_wconf 80' lang='lat' dir='ltr'><strong>teiga</strong></span> <span class='ocrx_word' id='word_1_85' title='bbox 763 1063 902 1130; x_wconf 80' lang='lat' dir='ltr'><strong>cavernis3</strong></span> 
     </span>
     <span class='ocr_line' id='line_1_13' title="bbox 214 1132 933 1201; baseline -0.003 -14"><span class='ocrx_word' id='word_1_86' title='bbox 214 1137 219 1154; x_wconf 84' lang='lat'><strong><em>¹</em></strong></span> <span class='ocrx_word' id='word_1_87' title='bbox 229 1140 264 1187; x_wconf 72' lang='lat' dir='ltr'><strong>So</strong></span> <span class='ocrx_word' id='word_1_88' title='bbox 298 1132 353 1185; x_wconf 89' lang='lat' dir='ltr'><strong>cito</strong></span> <span class='ocrx_word' id='word_1_89' title='bbox 366 1148 470 1198; x_wconf 88' lang='lat' dir='ltr'><strong>manes,</strong></span> <span class='ocrx_word' id='word_1_90' title='bbox 486 1139 633 1201; x_wconf 90' lang='lat' dir='ltr'><strong>totumque</strong></span> <span class='ocrx_word' id='word_1_91' title='bbox 643 1132 813 1185; x_wconf 83' lang='lat' dir='ltr'><strong>tremoribus</strong></span> <span class='ocrx_word' id='word_1_92' title='bbox 824 1133 933 1185; x_wconf 85' lang='lat' dir='ltr'><strong>orbem.</strong></span> 
     </span>
     <span class='ocr_line' id='line_1_14' title="bbox 98 1200 967 1281; baseline -0.006 -24"><span class='ocrx_word' id='word_1_93' title='bbox 98 1207 100 1210; x_wconf 81' lang='grc'><strong>’</strong></span> <span class='ocrx_word' id='word_1_94' title='bbox 159 1211 213 1264; x_wconf 87' lang='grc'><strong>700</strong></span> <span class='ocrx_word' id='word_1_95' title='bbox 228 1208 288 1257; x_wconf 82' lang='lat' dir='ltr'><strong>Hae</strong></span> <span class='ocrx_word' id='word_1_96' title='bbox 304 1218 357 1271; x_wconf 83' lang='lat' dir='ltr'><strong>ope</strong></span> <span class='ocrx_word' id='word_1_97' title='bbox 370 1200 521 1252; x_wconf 77' lang='lat' dir='ltr'><strong>debueram</strong></span> <span class='ocrx_word' id='word_1_98' title='bbox 534 1200 672 1253; x_wconf 81' lang='lat' dir='ltr'><strong>thalamos</strong></span> <span class='ocrx_word' id='word_1_99' title='bbox 682 1201 810 1281; x_wconf 86' lang='lat' dir='ltr'><strong>petiisse:</strong></span> <span class='ocrx_word' id='word_1_100' title='bbox 829 1215 967 1271; x_wconf 88' lang='lat' dir='ltr'><strong>socerque</strong></span> 
     </span>
     <span class='ocr_line' id='line_1_15' title="bbox 228 1269 981 1333; baseline -0.005 -7"><span class='ocrx_word' id='word_1_101' title='bbox 228 1270 506 1333; x_wconf 68' lang='lat' dir='ltr'><strong>uenerandumne,</strong></span> <span class='ocrx_word' id='word_1_102' title='bbox 524 1269 573 1321; x_wconf 91' lang='lat' dir='ltr'><strong>sed</strong></span> <span class='ocrx_word' id='word_1_103' title='bbox 590 1270 618 1321; x_wconf 85' lang='lat' dir='ltr'><strong>ri</strong></span> <span class='ocrx_word' id='word_1_104' title='bbox 633 1270 785 1332; x_wconf 79' lang='lat' dir='ltr'><strong>faciendus,</strong></span> <span class='ocrx_word' id='word_1_105' title='bbox 802 1270 981 1324; x_wconf 86' lang='lat' dir='ltr'><strong>Erechtheus.</strong></span> 
     </span>
     <span class='ocr_line' id='line_1_16' title="bbox 229 1337 890 1405; baseline -0.006 -10"><span class='ocrx_word' id='word_1_106' title='bbox 229 1345 304 1395; x_wconf 85' lang='lat' dir='ltr'><strong>Haec</strong></span> <span class='ocrx_word' id='word_1_107' title='bbox 316 1343 425 1403; x_wconf 86' lang='lat' dir='ltr'><strong>Boreas,</strong></span> <span class='ocrx_word' id='word_1_108' title='bbox 442 1346 491 1391; x_wconf 86' lang='lat' dir='ltr'><strong>aut</strong></span> <span class='ocrx_word' id='word_1_109' title='bbox 502 1337 543 1389; x_wconf 82' lang='lat' dir='ltr'><strong>his</strong></span> <span class='ocrx_word' id='word_1_110' title='bbox 556 1353 613 1389; x_wconf 88' lang='lat' dir='ltr'><strong>non</strong></span> <span class='ocrx_word' id='word_1_111' title='bbox 626 1337 760 1391; x_wconf 84' lang='lat' dir='ltr'><strong>inferiora</strong></span> <span class='ocrx_word' id='word_1_112' title='bbox 770 1340 890 1405; x_wconf 82' lang='lat' dir='ltr'><strong>locutus,</strong></span> 
     </span>
     <span class='ocr_line' id='line_1_17' title="bbox 208 1406 886 1476; baseline 0.004 -20"><span class='ocrx_word' id='word_1_113' title='bbox 208 1449 214 1456; x_wconf 87' lang='lat'>.</span> <span class='ocrx_word' id='word_1_114' title='bbox 229 1409 353 1464; x_wconf 81' lang='lat' dir='ltr'><strong>Excussit</strong></span> <span class='ocrx_word' id='word_1_115' title='bbox 363 1421 475 1476; x_wconf 88' lang='lat' dir='ltr'><strong>pennas.</strong></span> <span class='ocrx_word' id='word_1_116' title='bbox 499 1408 624 1469; x_wconf 86' lang='lat' dir='ltr'><strong>Quarum</strong></span> <span class='ocrx_word' id='word_1_117' title='bbox 636 1406 784 1461; x_wconf 79' lang='lat' dir='ltr'><strong>iactatibus</strong></span> <span class='ocrx_word' id='word_1_118' title='bbox 796 1408 886 1461; x_wconf 87' lang='lat' dir='ltr'><strong>omnis</strong></span> 
     </span>
     <span class='ocr_line' id='line_1_18' title="bbox 217 1473 939 1557; baseline -0.001 -26"><span class='ocrx_word' id='word_1_119' title='bbox 217 1473 329 1532; x_wconf 62' lang='lat' dir='ltr'><strong>&#39;afflata</strong></span> <span class='ocrx_word' id='word_1_120' title='bbox 342 1484 382 1530; x_wconf 84' lang='lat' dir='ltr'><strong>est</strong></span> <span class='ocrx_word' id='word_1_121' title='bbox 391 1475 482 1542; x_wconf 87' lang='lat' dir='ltr'><strong>tellus,</strong></span> <span class='ocrx_word' id='word_1_122' title='bbox 496 1474 641 1545; x_wconf 89' lang='lat' dir='ltr'><strong>latumque</strong></span> <span class='ocrx_word' id='word_1_123' title='bbox 654 1477 812 1545; x_wconf 87' lang='lat' dir='ltr'><strong>perhorruit</strong></span> <span class='ocrx_word' id='word_1_124' title='bbox 823 1492 939 1557; x_wconf 80' lang='lat' dir='ltr'><strong>aequor.</strong></span> 
     </span>
     <span class='ocr_line' id='line_1_19' title="bbox 160 1543 1037 1615; baseline -0.002 -15"><span class='ocrx_word' id='word_1_125' title='bbox 160 1551 212 1614; x_wconf 82' lang='lat'><strong>705</strong></span> <span class='ocrx_word' id='word_1_126' title='bbox 228 1547 444 1614; x_wconf 82' lang='lat' dir='ltr'><strong>Pulvereamque</strong></span> <span class='ocrx_word' id='word_1_127' title='bbox 456 1544 569 1595; x_wconf 83' lang='lat' dir='ltr'><strong>trahens</strong></span> <span class='ocrx_word' id='word_1_128' title='bbox 581 1560 632 1614; x_wconf 90' lang='lat' dir='ltr'><strong>per</strong></span> <span class='ocrx_word' id='word_1_129' title='bbox 646 1561 755 1598; x_wconf 91' lang='lat' dir='ltr'><strong>summa</strong></span> <span class='ocrx_word' id='word_1_130' title='bbox 767 1563 913 1599; x_wconf 87' lang='lat' dir='ltr'><strong>cacumma</strong></span> <span class='ocrx_word' id='word_1_131' title='bbox 925 1543 1037 1615; x_wconf 86' lang='lat' dir='ltr'><strong>pallam,</strong></span> 
     </span>
     <span class='ocr_line' id='line_1_20' title="bbox 230 1601 1146 1687; baseline 0.002 -17"><span class='ocrx_word' id='word_1_132' title='bbox 230 1615 322 1670; x_wconf 73' lang='lat' dir='ltr'><strong>verrit</strong></span> <span class='ocrx_word' id='word_1_133' title='bbox 333 1615 467 1666; x_wconf 88' lang='lat' dir='ltr'><strong>humum:</strong></span> <span class='ocrx_word' id='word_1_134' title='bbox 484 1611 668 1684; x_wconf 83' lang='lat' dir='ltr'><strong>pavidamque</strong></span> <span class='ocrx_word' id='word_1_135' title='bbox 681 1624 759 1668; x_wconf 91' lang='lat' dir='ltr'><strong>metu</strong></span> <span class='ocrx_word' id='word_1_136' title='bbox 774 1615 892 1687; x_wconf 81' lang='lat' dir='ltr'><strong>caligine</strong></span> <span class='ocrx_word' id='word_1_137' title='bbox 903 1621 994 1667; x_wconf 86' lang='lat' dir='ltr'><strong>tectus</strong></span> <span class='ocrx_word' id='word_1_138' title='bbox 1144 1601 1146 1672; x_wconf 71' lang='lat' dir='ltr'><strong>l</strong></span> 
     </span>
     <span class='ocr_line' id='line_1_21' title="bbox 153 1681 878 1754; baseline -0.003 -17"><span class='ocrx_word' id='word_1_139' title='bbox 153 1725 155 1728; x_wconf 24' lang='lat' dir='ltr'>v</span> <span class='ocrx_word' id='word_1_140' title='bbox 227 1684 372 1754; x_wconf 75' lang='lat' dir='ltr'><strong>Orithyian</strong></span> <span class='ocrx_word' id='word_1_141' title='bbox 385 1698 480 1734; x_wconf 89' lang='lat' dir='ltr'><strong>amans</strong></span> <span class='ocrx_word' id='word_1_142' title='bbox 492 1681 576 1734; x_wconf 85' lang='lat' dir='ltr'><strong>fulvis</strong></span> <span class='ocrx_word' id='word_1_143' title='bbox 591 1682 771 1754; x_wconf 79' lang='lat' dir='ltr'><strong>amplectitur</strong></span> <span class='ocrx_word' id='word_1_144' title='bbox 785 1683 843 1737; x_wconf 87' lang='lat' dir='ltr'><strong>alis.</strong></span> <span class='ocrx_word' id='word_1_145' title='bbox 872 1692 878 1703; x_wconf 78' lang='lat'><strong>⁴</strong></span> 
     </span>
     <span class='ocr_line' id='line_1_22' title="bbox 214 1750 1036 1824; baseline -0.002 -18"><span class='ocrx_word' id='word_1_146' title='bbox 214 1817 215 1822; x_wconf 13' lang='lat'>¹</span> <span class='ocrx_word' id='word_1_147' title='bbox 230 1757 304 1806; x_wconf 88' lang='lat' dir='ltr'><strong>Dum</strong></span> <span class='ocrx_word' id='word_1_148' title='bbox 318 1750 407 1816; x_wconf 80' lang='lat' dir='ltr'><strong>volat3</strong></span> <span class='ocrx_word' id='word_1_149' title='bbox 425 1758 553 1803; x_wconf 87' lang='lat' dir='ltr'><strong>arserunt</strong></span> <span class='ocrx_word' id='word_1_150' title='bbox 566 1750 663 1823; x_wconf 74' lang='lat' dir='ltr'><strong>agitati</strong></span> <span class='ocrx_word' id='word_1_151' title='bbox 677 1752 777 1804; x_wconf 83' lang='lat' dir='ltr'><strong>fortius</strong></span> <span class='ocrx_word' id='word_1_152' title='bbox 790 1752 878 1824; x_wconf 77' lang='lat' dir='ltr'><strong>ignes.</strong></span> <span class='ocrx_word' id='word_1_153' title='bbox 1029 1759 1036 1772; x_wconf 76' lang='grc'><strong>“</strong></span> 
     </span>
     <span class='ocr_line' id='line_1_23' title="bbox 229 1821 869 1890; baseline -0.008 -14"><span class='ocrx_word' id='word_1_154' title='bbox 229 1826 287 1877; x_wconf 88' lang='lat' dir='ltr'><strong>Nee</strong></span> <span class='ocrx_word' id='word_1_155' title='bbox 299 1821 376 1890; x_wconf 87' lang='lat' dir='ltr'><strong>prius</strong></span> <span class='ocrx_word' id='word_1_156' title='bbox 388 1821 456 1872; x_wconf 69' lang='lat' dir='ltr'><strong>adrii</strong></span> <span class='ocrx_word' id='word_1_157' title='bbox 468 1837 563 1872; x_wconf 87' lang='lat' dir='ltr'><strong>cursus</strong></span> <span class='ocrx_word' id='word_1_158' title='bbox 574 1821 726 1890; x_wconf 87' lang='lat' dir='ltr'><strong>suppressit</strong></span> <span class='ocrx_word' id='word_1_159' title='bbox 737 1821 869 1885; x_wconf 86' lang='lat' dir='ltr'><strong>habenas,</strong></span> 
     </span>
    </p>

    <p class='ocr_par' dir='ltr' id='par_1_3' title="bbox 160 1888 1145 2101">
     <span class='ocr_line' id='line_1_24' title="bbox 160 1888 1024 1961; baseline -0.002 -18"><span class='ocrx_word' id='word_1_160' title='bbox 160 1895 213 1951; x_wconf 87' lang='lat'><strong>710</strong></span> <span class='ocrx_word' id='word_1_161' title='bbox 230 1896 319 1956; x_wconf 88' lang='lat' dir='ltr'><strong>Quam</strong></span> <span class='ocrx_word' id='word_1_162' title='bbox 330 1890 463 1956; x_wconf 85' lang='lat' dir='ltr'><strong>Ciconum</strong></span> <span class='ocrx_word' id='word_1_163' title='bbox 472 1888 561 1946; x_wconf 86' lang='lat' dir='ltr'><strong>tenuit</strong></span> <span class='ocrx_word' id='word_1_164' title='bbox 574 1889 702 1959; x_wconf 83' lang='lat' dir='ltr'><strong>populos,</strong></span> <span class='ocrx_word' id='word_1_165' title='bbox 718 1906 768 1942; x_wconf 88' lang='lat' dir='ltr'><strong>sua</strong></span> <span class='ocrx_word' id='word_1_166' title='bbox 783 1888 904 1958; x_wconf 84' lang='lat' dir='ltr'><strong>moenia,</strong></span> <span class='ocrx_word' id='word_1_167' title='bbox 920 1894 1024 1961; x_wconf 81' lang='lat' dir='ltr'><strong>raptor.</strong></span> 
     </span>
     <span class='ocr_line' id='line_1_25' title="bbox 228 1958 791 2031; baseline -0.004 -18"><span class='ocrx_word' id='word_1_168' title='bbox 228 1961 290 2013; x_wconf 90' lang='lat' dir='ltr'><strong>lllie</strong></span> <span class='ocrx_word' id='word_1_169' title='bbox 306 1969 334 2013; x_wconf 92' lang='lat' dir='ltr'><strong>et</strong></span> <span class='ocrx_word' id='word_1_170' title='bbox 345 1958 432 2031; x_wconf 77' lang='lat' dir='ltr'><strong>gelidi</strong></span> <span class='ocrx_word' id='word_1_171' title='bbox 444 1959 544 2010; x_wconf 84' lang='lat' dir='ltr'><strong>coniux</strong></span> <span class='ocrx_word' id='word_1_172' title='bbox 554 1963 659 2011; x_wconf 84' lang='lat' dir='ltr'><strong>Actaea</strong></span> <span class='ocrx_word' id='word_1_173' title='bbox 670 1958 791 2028; x_wconf 83' lang='lat' dir='ltr'><strong>tyranni,</strong></span> 
     </span>
     <span class='ocr_line' id='line_1_26' title="bbox 228 2026 908 2101; baseline -0.007 -18"><span class='ocrx_word' id='word_1_174' title='bbox 228 2034 263 2083; x_wconf 82' lang='lat' dir='ltr'><strong>Et</strong></span> <span class='ocrx_word' id='word_1_175' title='bbox 274 2028 400 2101; x_wconf 77' lang='lat' dir='ltr'><strong>genetrix</strong></span> <span class='ocrx_word' id='word_1_176' title='bbox 411 2027 488 2080; x_wconf 84' lang='lat' dir='ltr'><strong>facta</strong></span> <span class='ocrx_word' id='word_1_177' title='bbox 498 2034 548 2092; x_wconf 83' lang='lat' dir='ltr'><strong>est,</strong></span> <span class='ocrx_word' id='word_1_178' title='bbox 565 2035 661 2096; x_wconf 88' lang='lat' dir='ltr'><strong>partus</strong></span> <span class='ocrx_word' id='word_1_179' title='bbox 675 2027 755 2080; x_wconf 80' lang='lat' dir='ltr'><strong>enixa</strong></span> <span class='ocrx_word' id='word_1_180' title='bbox 766 2026 908 2098; x_wconf 83' lang='lat' dir='ltr'><strong>gemellos,</strong></span> 
     </span>
    </p>

    <p class='ocr_par' dir='ltr' id='par_1_4' title="bbox 127 2095 1144 2719">
     <span class='ocr_line' id='line_1_27' title="bbox 209 2095 941 2168; baseline -0.004 -16"><span class='ocrx_word' id='word_1_181' title='bbox 209 2139 212 2142; x_wconf 19' lang='lat' dir='ltr'><strong>s</strong></span> <span class='ocrx_word' id='word_1_182' title='bbox 227 2101 343 2152; x_wconf 79' lang='lat' dir='ltr'><strong>Caetera</strong></span> <span class='ocrx_word' id='word_1_183' title='bbox 353 2097 401 2168; x_wconf 86' lang='lat' dir='ltr'><strong>qui</strong></span> <span class='ocrx_word' id='word_1_184' title='bbox 413 2095 518 2161; x_wconf 86' lang='lat' dir='ltr'><strong>matris,</strong></span> <span class='ocrx_word' id='word_1_185' title='bbox 535 2109 639 2166; x_wconf 80' lang='lat' dir='ltr'><strong>pennas</strong></span> <span class='ocrx_word' id='word_1_186' title='bbox 653 2096 784 2168; x_wconf 81' lang='lat' dir='ltr'><strong>genitoris</strong></span> <span class='ocrx_word' id='word_1_187' title='bbox 796 2096 941 2149; x_wconf 89' lang='lat' dir='ltr'><strong>haberent.</strong></span> 
     </span>
     <span class='ocr_line' id='line_1_28' title="bbox 228 2165 1013 2234; baseline -0.007 -14"><span class='ocrx_word' id='word_1_188' title='bbox 228 2171 292 2221; x_wconf 89' lang='lat' dir='ltr'><strong>Non</strong></span> <span class='ocrx_word' id='word_1_189' title='bbox 301 2176 396 2219; x_wconf 84' lang='lat' dir='ltr'><strong>tamen</strong></span> <span class='ocrx_word' id='word_1_190' title='bbox 404 2165 454 2216; x_wconf 89' lang='lat' dir='ltr'><strong>has</strong></span> <span class='ocrx_word' id='word_1_191' title='bbox 467 2180 524 2216; x_wconf 89' lang='lat' dir='ltr'><strong>una</strong></span> <span class='ocrx_word' id='word_1_192' title='bbox 536 2174 696 2217; x_wconf 88' lang='lat' dir='ltr'><strong>memorant</strong></span> <span class='ocrx_word' id='word_1_193' title='bbox 710 2182 775 2218; x_wconf 91' lang='lat' dir='ltr'><strong>cum</strong></span> <span class='ocrx_word' id='word_1_194' title='bbox 788 2180 906 2234; x_wconf 87' lang='lat' dir='ltr'><strong>corpore</strong></span> <span class='ocrx_word' id='word_1_195' title='bbox 918 2171 1013 2217; x_wconf 78' lang='lat' dir='ltr'><strong>natas:</strong></span> 
     </span>
     <span class='ocr_line' id='line_1_29' title="bbox 160 2230 952 2304; baseline -0.008 -13"><span class='ocrx_word' id='word_1_196' title='bbox 160 2238 211 2294; x_wconf 78' lang='lat'><strong>715</strong></span> <span class='ocrx_word' id='word_1_197' title='bbox 227 2237 372 2304; x_wconf 74' lang='lat' dir='ltr'><strong>barbaque</strong></span> <span class='ocrx_word' id='word_1_198' title='bbox 387 2234 454 2296; x_wconf 86' lang='lat' dir='ltr'><strong>dum</strong></span> <span class='ocrx_word' id='word_1_199' title='bbox 466 2230 557 2285; x_wconf 85' lang='lat' dir='ltr'><strong>rutilis</strong></span> <span class='ocrx_word' id='word_1_200' title='bbox 569 2233 667 2286; x_wconf 87' lang='lat' dir='ltr'><strong>aberat</strong></span> <span class='ocrx_word' id='word_1_201' title='bbox 681 2234 817 2287; x_wconf 87' lang='lat' dir='ltr'><strong>submissa</strong></span> <span class='ocrx_word' id='word_1_202' title='bbox 835 2231 952 2302; x_wconf 84' lang='lat' dir='ltr'><strong>capillis,</strong></span> 
     </span>
     <span class='ocr_line' id='line_1_30' title="bbox 127 2302 900 2373; baseline -0.004 -14"><span class='ocrx_word' id='word_1_203' title='bbox 127 2317 132 2330; x_wconf 77' lang='grc'><em>·</em></span> <span class='ocrx_word' id='word_1_204' title='bbox 227 2305 377 2373; x_wconf 80' lang='lat' dir='ltr'><strong>Implumes</strong></span> <span class='ocrx_word' id='word_1_205' title='bbox 391 2302 536 2370; x_wconf 82' lang='lat' dir='ltr'><strong>Calaisque</strong></span> <span class='ocrx_word' id='word_1_206' title='bbox 547 2317 618 2370; x_wconf 89' lang='lat' dir='ltr'><strong>puer</strong></span> <span class='ocrx_word' id='word_1_207' title='bbox 632 2305 766 2372; x_wconf 86' lang='lat' dir='ltr'><strong>Zetesque</strong></span> <span class='ocrx_word' id='word_1_208' title='bbox 777 2303 900 2356; x_wconf 85' lang='lat' dir='ltr'><strong>fuerunt.</strong></span> 
     </span>
     <span class='ocr_line' id='line_1_31' title="bbox 228 2370 1054 2442; baseline -0.004 -16"><span class='ocrx_word' id='word_1_209' title='bbox 228 2377 291 2426; x_wconf 83' lang='lat' dir='ltr'><strong>Mox</strong></span> <span class='ocrx_word' id='word_1_210' title='bbox 303 2371 409 2442; x_wconf 89' lang='lat' dir='ltr'><strong>pariter</strong></span> <span class='ocrx_word' id='word_1_211' title='bbox 419 2370 475 2422; x_wconf 90' lang='lat' dir='ltr'><strong>ritu</strong></span> <span class='ocrx_word' id='word_1_212' title='bbox 487 2385 595 2438; x_wconf 88' lang='lat' dir='ltr'><strong>pennae</strong></span> <span class='ocrx_word' id='word_1_213' title='bbox 607 2388 724 2441; x_wconf 90' lang='lat' dir='ltr'><strong>coepere</strong></span> <span class='ocrx_word' id='word_1_214' title='bbox 734 2372 882 2425; x_wconf 85' lang='lat' dir='ltr'><strong>volucrum</strong></span> <span class='ocrx_word' id='word_1_215' title='bbox 1050 2425 1054 2436; x_wconf 45' lang='lat'><em>„</em></span> 
     </span>
     <span class='ocr_line' id='line_1_32' title="bbox 229 2437 999 2513; baseline -0.001 -18"><span class='ocrx_word' id='word_1_216' title='bbox 229 2444 345 2513; x_wconf 74' lang='lat' dir='ltr'><strong>Cingere</strong></span> <span class='ocrx_word' id='word_1_217' title='bbox 358 2449 508 2509; x_wconf 80' lang='lat' dir='ltr'><strong>utrumque</strong></span> <span class='ocrx_word' id='word_1_218' title='bbox 519 2437 601 2507; x_wconf 76' lang='lat' dir='ltr'><strong>latiis,</strong></span> <span class='ocrx_word' id='word_1_219' title='bbox 617 2441 723 2510; x_wconf 85' lang='lat' dir='ltr'><strong>pariter</strong></span> <span class='ocrx_word' id='word_1_220' title='bbox 735 2441 886 2493; x_wconf 84' lang='lat' dir='ltr'><strong>flavescere</strong></span> <span class='ocrx_word' id='word_1_221' title='bbox 900 2439 999 2497; x_wconf 73' lang='lat' dir='ltr'><strong>mure.</strong></span> 
     </span>
     <span class='ocr_line' id='line_1_33' title="bbox 229 2507 925 2579; baseline -0.004 -15"><span class='ocrx_word' id='word_1_222' title='bbox 229 2514 266 2564; x_wconf 77' lang='lat' dir='ltr'><strong>Er</strong></span> <span class='ocrx_word' id='word_1_223' title='bbox 285 2529 311 2577; x_wconf 89' lang='lat' dir='ltr'><strong>o,</strong></span> <span class='ocrx_word' id='word_1_224' title='bbox 329 2508 377 2564; x_wconf 89' lang='lat' dir='ltr'><strong>ubi</strong></span> <span class='ocrx_word' id='word_1_225' title='bbox 394 2507 531 2562; x_wconf 85' lang='lat' dir='ltr'><strong>concessit</strong></span> <span class='ocrx_word' id='word_1_226' title='bbox 544 2517 654 2579; x_wconf 86' lang='lat' dir='ltr'><strong>tempus</strong></span> <span class='ocrx_word' id='word_1_227' title='bbox 663 2508 772 2578; x_wconf 90' lang='lat' dir='ltr'><strong>puerile</strong></span> <span class='ocrx_word' id='word_1_228' title='bbox 788 2509 925 2579; x_wconf 82' lang='lat' dir='ltr'><strong>iuventae,</strong></span> 
     </span>
     <span class='ocr_line' id='line_1_34' title="bbox 161 2529 850 2645; baseline -0.004 -12"><span class='ocrx_word' id='word_1_229' title='bbox 161 2580 213 2635; x_wconf 72' lang='lat'><strong>720</strong></span> <span class='ocrx_word' id='word_1_230' title='bbox 228 2529 338 2636; x_wconf 62' lang='lat' dir='ltr'><strong>Vellera</strong></span> <span class='ocrx_word' id='word_1_231' title='bbox 350 2596 416 2632; x_wconf 92' lang='lat' dir='ltr'><strong>cum</strong></span> <span class='ocrx_word' id='word_1_232' title='bbox 427 2577 525 2645; x_wconf 80' lang='lat' dir='ltr'><strong>Minyis</strong></span> <span class='ocrx_word' id='word_1_233' title='bbox 537 2578 625 2630; x_wconf 89' lang='lat' dir='ltr'><strong>nitido</strong></span> <span class='ocrx_word' id='word_1_234' title='bbox 637 2578 772 2632; x_wconf 85' lang='lat' dir='ltr'><strong>radiantia</strong></span> <span class='ocrx_word' id='word_1_235' title='bbox 784 2576 850 2630; x_wconf 84' lang='lat' dir='ltr'><strong>villo</strong></span> 
     </span>
     <span class='ocr_line' id='line_1_35' title="bbox 229 2646 901 2719; baseline -0.003 -17"><span class='ocrx_word' id='word_1_236' title='bbox 229 2650 281 2702; x_wconf 84' lang='lat' dir='ltr'><strong>Per</strong></span> <span class='ocrx_word' id='word_1_237' title='bbox 295 2665 372 2702; x_wconf 90' lang='lat' dir='ltr'><strong>mare</strong></span> <span class='ocrx_word' id='word_1_238' title='bbox 384 2659 441 2702; x_wconf 89' lang='lat' dir='ltr'><strong>non</strong></span> <span class='ocrx_word' id='word_1_239' title='bbox 454 2654 561 2700; x_wconf 84' lang='lat' dir='ltr'><strong>motum</strong></span> <span class='ocrx_word' id='word_1_240' title='bbox 573 2648 664 2718; x_wconf 86' lang='lat' dir='ltr'><strong>prima</strong></span> <span class='ocrx_word' id='word_1_241' title='bbox 678 2647 783 2719; x_wconf 88' lang='lat' dir='ltr'><strong>petiere</strong></span> <span class='ocrx_word' id='word_1_242' title='bbox 798 2646 901 2701; x_wconf 84' lang='lat' dir='ltr'><strong>carina.</strong></span> 
     </span>
    </p>
   </div>
   <div class='ocr_carea' id='block_1_3' title="bbox 0 0 1180 3834">
    <p class='ocr_par' dir='ltr' id='par_1_5' title="bbox 0 0 1180 3834">
     <span class='ocr_line' id='line_1_36' title="bbox 0 0 1180 3834; baseline 0 0"><span class='ocrx_word' id='word_1_243' title='bbox 0 0 1180 3834; x_wconf 95' lang='lat' dir='ltr'><strong> </strong></span> 
     </span>
    </p>
   </div>
  </div>
 </body>
</html>
